4912 6382
1031 366 1242 442 GLEAIENS
1271 367 1337 439 III.
1397 369 1659 442 1187-1191.

782 605 1014 673 1187-1191.

846 713 1068 786 Τ511555115551,
1090 711 1238 770 Aduhisia
1260 713 1412 772 abbatissa
1433 731 1486 791 per
1507 713 1694 772 Bernardum
1716 718 1855 790 nepotem
1877 718 2007 790 petente.
2051 713 2203 789 (Fortasse
2224 715 2330 773 eodem

847 806 980 876 tempore
1007 800 1079 858 data
1104 803 1149 858 est
1176 798 1302 875 epistola
1329 819 1388 875 quo
1415 799 1498 856 bulla
1525 818 1615 877 supra
1639 800 1766 875 16499).
1812 799 1887 858 Vide
1915 818 2085 878 processum
2115 799 2264 859 informat.
2293 800 2331 858 dc

847 887 910 944 vita
931 885 958 944 S.
981 885 1093 944 Odonis
1116 886 1146 942 in
1170 885 1322 944 Analectis
1344 885 1548 944 Bollandianis
1570 887 1594 942 1.
1614 887 1685 945 327.

806 973 909 1030 16577
933 972 1051 1031 Iudaeis
1075 971 1284 1049 „protectionis
1306 991 1377 1030 suae
1401 972 1528 1048 clipeum
1551 971 1712 1048 indulget“,
1735 976 1791 1029 cet.
1816 977 1961 1049 utsupra
1975 990 2056 1030 num.
2074 974 2187 1031 13973.
2216 972 2331 1046 (Etiam

847 1058 1031 1117 Clementem
1053 1058 1107 1114 III.
1139 1057 1177 1114 ad
1209 1058 1362 1136 exemplar
1384 1058 1549 1116 Alexandri
1571 1058 1625 1115 ΙΙΙ.
1658 1058 1714 1116 hoc
1745 1058 1896 1115 decretum
1928 1077 1981 1134 pro
2010 1058 2130 1136 Iudaeis
2163 1059 2330 1132 innovasse,

846 1151 927 1204 certo
960 1145 1102 1222 probatur
1134 1143 1262 1220 epistola
1293 1144 1460 1202 Innocentii
1488 1145 1542 1202 III.
1576 1144 1655 1221 apud
1688 1143 1826 1202 Potthast
1856 1161 1884 1201 n.
1916 1145 1988 1203 834.
2041 1144 2182 1203 Attamen
2218 1163 2327 1202 nomen

848 1231 1022 1303 Clementis,
1047 1230 1125 1306 quod
1147 1229 1177 1287 in
1201 1229 1298 1306 capite
1321 1229 1478 1288 decretalis
1501 1230 1646 1306 praebent
1668 1229 1847 1308 Gompilatio
1870 1230 1908 1286 II.
1930 1229 1963 1288 L.
1987 1231 2015 1288 5.
2038 1235 2059 1289 t.
2082 1232 2109 1288 4.
2133 1249 2156 1288 c.
2180 1233 2199 1288 3
2222 1231 2332 1288 51115-

848 1322 962 1376 cretum
986 1317 1074 1392 Greg.
1096 1316 1129 1373 L.
1152 1315 1187 1372 V.
1211 1319 1230 1373 1.
1255 1318 1281 1374 6.
1305 1335 1329 1374 5.
1353 1317 1385 1387 9,
1418 1321 1470 1374 551
1493 1334 1592 1374 511515
1615 1321 1668 1374 551
1690 1316 1810 1394 proprio
1832 1315 1928 1374 Marte
1950 1335 1968 1374 a
1990 1316 2112 1374 librario
2135 1336 2188 1394 pro
2210 1317 2332 1375 nomine

848 1403 1011 1461 Alexandri
1035 1401 1165 1479 positum
1193 1420 1257 1460 esse
1284 1402 1402 1480 opinor;
1434 1406 1551 1460 constat
1579 1401 1659 1460 enim
1681 1402 1845 1460 Iohannem
1869 1401 2039 1474 Galensem,
2071 1407 2224 1462 auctorem
2247 1403 2332 1462 Gorn-

848 1489 999 1567 pilationis
1022 1489 1074 1561 ΙΙ.,
1107 1506 1166 1545 555
1196 1506 1234 1545 cx
1262 1507 1406 1566 paparum
1434 1489 1570 1564 regestis,
1602 1489 1654 1546 sed
1683 1507 1720 1546 ex
1748 1507 1894 1546 canonum
1924 1488 2148 1547 collectionibus
2171 1494 2332 1548 antaeum

849 1575 1020 1653 compositis
1042 1573 1190 1647 hausisse,
1222 1592 1298 1650 quae
1330 1575 1361 1631 iu
1390 1575 1487 1651 capite
1518 1574 1555 1632 de
1577 1575 1696 1632 Iudaeis
1728 1593 1830 1632 omncs
1861 1575 1898 1632 ad
1922 1593 2012 1632 unam
2035 1574 2199 1632 Alexandri
2222 1594 2331 1634 nomen

849 1680 920 1740 prae
943 1681 974 1718 se
997 1662 1109 1732 lerunt,
1142 1665 1172 1717 ct
1193 1660 1403 1736 Raymundum
1426 1680 1445 1718 a
1466 1660 1633 1734 Perialorte,
1656 1665 1808 1720 auctorem
1830 1660 1962 1733 Decreti,
1985 1661 2149 1719 Iohannem
2173 1661 2332 1720 Galensem

764 1761 767 1800 i
849 1747 1026 1824 exscripisse
1049 1744 1238 1804 manifestum
1261 1751 1320 1817 est;
1352 1746 1441 1804 tertio
1464 1748 1645 1806 monendum
1668 1753 1725 1821 est,
1755 1747 1784 1804 in
1813 1747 1950 1806 omnibus
1973 1745 2199 1824 compilationis
2222 1753 2253 1806 ct
2276 1749 2332 1807 De-

848 1834 920 1892 creti
944 1832 1093 1891 codicibus
1115 1851 1183 1889 mss.
1206 1832 1242 1890 de
1258 1831 1376 1891 (lalixto
1399 1833 1579 1909 5111535515
1602 1833 1878 1911 praedecessoribus
1893 1833 2099 1892 tantummodo
2113 1833 2195 1911 loqui
2211 1853 2329 1912 papam,

849 1940 888 1979 sc.
904 1919 1121 1986 Alexandrum3
1145 1918 1204 1994 qui,
1220 1917 1245 1975 si
1260 1918 1365 1976 luisset
1380 1917 1517 1976 Clemens
1532 1920 1596 1992 ΙΙΙ,
1611 1938 1719 1978 nomen
1734 1919 1899 1978 Alexandri
1915 1919 1974 1976 illis
1990 1919 2154 1996 adiungere
2171 1920 2332 1979 debuisset.

849 2006 982 2082 Contigit
1003 2005 1095 2082 igitur
1117 2004 1173 2061 hoc
1193 2003 1267 2076 loco,
1290 2004 1319 2062 id
1336 2005 1414 2080 quod
1438 2023 1497 2062 non
1519 2005 1563 2062 ita
1578 2023 1645 2063 raro
1661 2005 1781 2064 evenire
1797 2005 1880 2078 solet,
1902 2005 2057 2063 librarium
2073 2006 2193 2082 quidem
2208 2025 2334 2081 errasse,

849 2112 946 2169 neque
969 2097 1069 2150 tamen
1091 2091 1198 2148 falsum
1220 2090 1340 2166 aliquod
1364 2090 1498 2163 dixisse).
1520 2123 1562 2131 —
1585 2090 1684 2164 „Sient
1705 2092 1842 2150 Iudaeis“
1864 2091 1964 2166 „Sicut
1985 2090 2115 2150 Iudaei“.

809 2177 911 2238 16578
928 2179 1060 2254 (10210)
1083 2177 1229 2254 Episcopo
1243 2175 1416 2234 Livoniensi
1439 2177 1561 2253 eiusque
1586 2177 1673 2236 sociis
1695 2178 1838 2251 concedit,
1861 2183 1894 2236 ut
1913 2177 1977 2251 „his
2000 2177 2074 2235 cibis
2096 2197 2163 2236 cum
2186 2178 2335 2237 modestia

850 2270 880 2324 et
901 2265 1067 2341 gratiarum
1089 2263 1206 2321 actione
1228 2268 1366 2336 utantur,
1390 2263 1440 2339 qui
1463 2262 1500 2321 iis
1523 2262 1561 2320 ab
1583 2262 1655 2340 ipsis
1677 2263 1846 2322 infidelibus
1867 2266 2075 2342 apponantur“
2090 2270 2121 2323 et
2135 2269 2186 2336 „ut
2201 2265 2334 2340 quicum·

851 2370 908 2428 que
923 2351 988 2425 viri,
1011 2349 1148 2408 monachi
1172 2368 1224 2406 seu
1248 2348 1356 2421 clerici,
1380 2348 1479 2408 idonei
1502 2349 1540 2406 ad
1563 2349 1760 2408 nuntiandam
1783 2349 1923 2425 gentibus
1946 2350 2150 2426 evangelicam
2166 2352 2333 2424 veritatem,

851 2437 995 2514 requisita
1017 2441 1047 2492 ct
1069 2433 1173 2492 habita
1195 2453 1315 2492 suorum
1339 2435 1539 2512 praelatorum
1562 2435 1696 2508 licentia,
1726 2435 1750 2492 si
1775 2435 1923 2494 voluerint
1945 2436 1981 2492 iis
2004 2435 2179 2510 adhaerere,
2210 2437 2241 2494 id
2265 2455 2335 2495 exe-

850 2523 958 2600 quendi
975 2523 1099 2581 liberam
1114 2520 1245 2579 habeant
1260 2521 1460 2579 facultatem“.
1483 2521 1731 2598 (Fragmentum).
1754 2520 1912 2580 ballneo.
1928 2521 1958 2578 in
1974 2523 2087 2580 Balnaii
2103 2523 2185 2581 11155.
2196 2524 2251 2580 III.
2262 2525 2333 2596 383,

850 2609 951 2686 (lomp.
974 2610 1011 2666 II.
1034 2607 1067 2665 L.
1090 2609 1119 2666 5.
1143 2612 1162 2666 t.
1186 2610 1214 2686 4.
1237 2625 1260 2664 5.
1283 2609 1317 2680 4,
1340 2607 1425 2664 Decr.
1448 2606 1537 2683 Greg.
1559 2608 1592 2666 L.
1614 2607 1650 2666 V.
1672 2613 1693 2666 t.
1717 2611 1744 2666 6.
1767 2625 1791 2666 c.
1816 2610 1868 2681 10,
1891 2607 1987 2666 Mansi
2009 2608 2109 2666 XXII.
2132 2609 2209 2683 566,
2233 2609 2334 2686 111355

852 2697 914 2754 204
936 2714 964 2772 p.
988 2696 1079 2752 1497.
1102 2729 1148 2768 -Ὶ
1166 2693 1280 2766 „Quam
1303 2692 1341 2751 sit
1363 2692 1540 2752 laudabile“.

810 2783 913 2841 16579
936 2781 1069 2856 (10211)
1093 2779 1285 2852 (Iohannem)
1308 2778 1563 2856 archIepiscopum
1585 2778 1817 2837 Lundimeusem
1840 2778 2098 2855 (Lugdunensem)
2126 2781 2276 2854 hortatur,
2309 2781 2334 2838 si

849 2869 916 2946 quis
938 2867 1112 2925 clericorum
1135 2866 1172 2923 de
1195 2865 1281 2923 Gual.
1303 2865 1341 2922 ab
1364 2865 1501 2942 episcopo
1516 2865 1698 2941 Lingonensi
1722 2866 1760 2923 ad
1782 2884 1851 2923 eum
1874 2865 2077 2942 appellaverit,
2100 2865 2332 2943 appellationem

850 2973 909 3012 555
932 2959 1002 3012 5515
1024 2952 1171 3024 admittet,
1194 2970 1283 3028 qnam
1307 2951 1474 3010 55551115111
1496 2970 1579 3024 „eam
1594 2951 1641 3008 vel
1657 2970 1676 3009 a
1697 2951 1871 3028 gravamine
1886 2951 1934 3009 vel
1958 2951 2070 3010 iniusta
2085 2952 2334 3012 condemnatione

850 3044 1028 3118 porrectam
1051 3038 1185 3114 alioquin
1207 3037 1305 3115 ipsum
1327 3038 1364 3096 ad
1388 3037 1532 3114 praedicti
1555 3037 1686 3114 episcopi
1709 3037 1893 3096 audientiam
1915 3037 2075 3096 remittat“.
2112 3037 2185 3097 0011.
2207 3038 2278 3096 Luc.
2302 3040 2333 3096 in

851 3126 966 3185 Baluzii
989 3125 1071 3183 Misc.
1094 3125 1147 3182 III.
1171 3121 1241 3196 385,
1265 3123 1367 3200 Comp.
1390 3125 1428 3181 II.
1450 3123 1483 3182 L.
1508 3127 1535 3181 2.
1559 3127 1579 3181 t.
1604 3125 1652 3194 19,
1675 3143 1698 3181 5.
1724 3127 1771 3198 11,
1794 3124 1879 3182 Decr.
1902 3125 1991 3199 Greg.
2013 3124 2046 3182 L.
2069 3124 2107 3182 II.
2130 3129 2150 3182 t.
2171 3127 2220 3182 28.
2243 3145 2267 3184 5.
2284 3127 2333 3200 38,
2434 3185 2436 3190 ,

850 3212 947 3270 Μ5551
969 3211 1069 3269 XXII.
1093 3212 1163 3284 570,
1187 3210 1289 3286 Μ1355
1312 3212 1374 3268 204
1398 3230 1425 3287 p.
1451 3211 1542 3270 1501.
1565 3243 1605 3250 -
1629 3207 1720 3282 „Cum
1743 3210 1774 3268 in
1797 3209 1947 3268 ecclesie“.

808 3300 912 3359 16580
930 3298 1063 3371 (10212)
1087 3296 1240 3372 (Iohanni)
1263 3296 1484 3373 archiepiscopo
1506 3295 1700 3373 Lugdunousi
1723 3296 1895 3373 respondet,
1924 3296 1999 3353 duas
2027 3296 2170 3371 quasdam
2193 3297 2335 3355 ecclesias

851 3384 1060 3442 conventuales
1083 3382 1220 3460 impediri
1243 3401 1302 3439 non
1325 3382 1442 3455 debere,
1466 3382 1625 3458 quominus
1647 3383 1854 3458 possessiones,
1877 3387 1908 3440 et
1923 3381 2030 3459 partim
2052 3383 2180 3459 pecunia
2202 3383 2333 3459 quidem,

850 3475 1028 3548 permutent.
1058 3468 1131 3527 (loll.
1154 3469 1224 3527 Luc.
1247 3468 1277 3524 in
1301 3468 1416 3525 Beluzii
1431 3467 1513 3526 Misc.
1528 3467 1582 3526 Ill.
1599 3469 1670 3540 375,
1695 3467 1796 3545 Comp.
1811 3468 1851 3526 II.
1865 3468 1898 3526 L.
1916 3469 1943 3526 3.
1959 3473 1979 3526 t.
1998 3469 2036 3525 13
2052 3487 2076 3526 5.
2093 3471 2120 3540 2,
2143 3469 2228 3528 Deer.
2244 3469 2335 3547 Greg.

850 3558 883 3614 L.
906 3557 959 3614 ΠΙ.
982 3561 1002 3614 1.
1027 3557 1075 3615 19.
1097 3573 1121 3613 c.
1145 3557 1172 3628 6,
1196 3554 1292 3612 1115551
1314 3554 1414 3611 XXII.
1438 3556 1515 3627 563,
1538 3553 1640 3629 111355
1664 3556 1725 3615 204
1748 3574 1776 3631 p.
1801 3557 1892 3616 1493.
1915 3587 1956 3596 -
1979 3554 2044 3628 „Ad
2065 3555 2255 3631 quaestiones
2277 3557 2335 3614 sol·

850 3641 988 3702 vendas“.

810 3730 911 3788 16581
933 3729 1067 3802 (10213)
1099 3726 1273 3804 Praeposito
1304 3725 1332 3784 S.
1363 3725 1477 3784 Mariae
1508 3725 1758 3803 Magdeburgensi
1797 3726 2034 3785 chirothecarum
2065 3745 2153 3784 usum
2190 3727 2336 3787 concedit.

850 3815 994 3892 Ludewig
1015 3813 1079 3872 Rel.
1101 3813 1140 3871 II.
1163 3814 1235 3886 407,
1258 3811 1359 3888 111355
1383 3813 1445 3869 204
1468 3831 1495 3888 p.
1521 3813 1612 3870 1471.
1635 3845 1676 3853 -
1699 3812 1763 3885 „Ad
1787 3811 1966 3872 universalis
1989 3811 2138 3871 ecelesie“.

810 3904 912 3962 16582
935 3901 1098 3959 Heremum
1121 3899 1158 3956 de
1180 3898 1383 3957 Monte-boum
1406 3899 1529 3974 eiusque
1553 3899 1631 3956 bona
1655 3898 1766 3957 tuenda
1788 3899 1911 3976 suscipit
1932 3917 1967 3956 55
1989 3899 2151 3957 confirmat.
2195 3899 2338 3958 Decimae

851 3988 887 4046 de
914 3987 1070 4046 novalibus
1092 3984 1140 4044 vel
1168 3985 1205 4042 de
1232 3983 1423 4042 nutrimentis
1449 3983 1623 4040 animalium
1646 4003 1664 4042 a
1692 3984 1835 4042 fratribus
1864 3985 1946 4060 exigi
1964 3990 2055 4043 vetat.
2098 3985 2132 4041 In
2157 3983 2249 4044 tabul.
2271 3992 2337 4045 nat.

767 4133 768 4144 ,
850 4073 943 4131 Paris.
966 4072 1076 4130 Cartul.
1099 4071 1125 4130 S.
1148 4070 1278 4128 Victoris
1301 4091 1323 4127 s.
1345 4070 1429 4127 XIH.
1451 4069 1509 4128 LL.
1534 4071 1626 4127 1450.
1649 4068 1668 4127 f.
1694 4065 1841 4128 15111-
1864 4070 2029 4145 „Quociens
2052 4089 2070 4128 a
2092 4071 2204 4129 nobis“.

766 4165 768 4272 ι
810 4162 913 4220 16583
935 4157 1068 4232 (10214)
1095 4156 1269 4215 Monasterii
1291 4156 1319 4214 S.
1342 4155 1478 4231 Dionysii
1500 4155 1537 4212 de
1559 4154 1698 4231 Nogeuto
1725 4156 1939 4233 protectionem
1968 4157 2103 4234 suscipIt,
2136 4157 2273 4232 bonaque
2298 4177 2336 4216 sc

766 4287 768 4320 ,
850 4244 1009 4324 privilegia
1024 4243 1185 4316 confirmat,
1208 4246 1329 4319 petente
1344 4241 1462 4300 Simone
1478 4241 1585 4318 priore.
1615 4241 1727 4301 Bullar.
1743 4241 1875 4301 Cluniae.
1890 4263 1918 4320 p.
1934 4245 1983 4316 92,
1998 4242 2100 4318 111355
2117 4245 2178 4301 204
2193 4263 2221 4320 p.
2239 4246 2336 4303 1472.

766 4327 768 4408 J
850 4364 891 4372 —
914 4329 1090 4406 „Religiosis
1112 4327 1266 4386 desideriis
1289 4327 1437 4404 dignum“.

766 4411 768 4492 1
810 4419 913 4476 16584
930 4415 1063 4490 (10215)
1086 4414 1238 4473 Monaehis
1261 4413 1438 4490 quibusdam
1455 4412 1721 4488 (Nonautulanisl)
1737 4414 1847 4488 scribit,
1870 4421 1904 4473 ut
1918 4413 2013 4472 Gand.
2029 4414 2080 4489 (al.
2095 4414 2175 4488 We.)
2191 4414 2337 4491 acolytho

766 4493 768 4504 ’
851 4501 1026 4561 beneficium
1050 4500 1209 4559 restituant
1235 4501 1368 4559 ablatum
1397 4519 1450 4578 pro
1473 4518 1521 4573 eo,
1553 4500 1653 4576 „quod
1683 4500 1807 4558 aGisla
1829 4500 1952 4558 muliere
1975 4501 2133 4577 petebatur
2155 4500 2185 4556 15
2208 4501 2337 4559 virum“.

851 4589 974 4666 (Agitur
995 4589 1121 4646 fortasse
1137 4587 1173 4646 de
1188 4586 1311 4664 Pagano
1333 4587 1448 4659 clerico,
1472 4604 1562 4664 supra
1584 4586 1613 4643 in
1631 4586 1757 4662 epistola
1773 4586 1907 4663 Gregorii
1924 4585 2007 4644 VIII.
2024 4588 2128 4646 16090
2144 4589 2339 4660 memorato).

851 4674 951 4752 (lomp.
972 4675 996 4732 I.
1017 4674 1050 4732 L.
1067 4675 1094 4734 3.
1117 4676 1181 4733 ta.
1197 4693 1221 4732 5.
1238 4677 1265 4748 7,
1287 4673 1383 4732 blansi
1398 4673 1498 4731 XXII.
1515 4674 1585 4746 549,
1608 4672 1709 4749 111355
1726 4674 1787 4731 204
1810 4691 1837 4749 p.
1856 4675 1947 4732 1477.
1970 4707 2011 4716 -
2035 4671 2210 4747 „Querelam
2227 4671 2338 4731 Gand“

851 4760 1027 4835 „Querelam
1046 4760 1131 4818 Wa“

810 4849 913 4907 16585
936 4845 1070 4922 (10216)
1101 4845 1269 4904 Abbatibus
1300 4844 1336 4903 do
1360 4843 1488 4903 Osencia
1519 4848 1549 4902 ct
1572 4843 1739 4902 (15Η5551.
1771 4849 1802 4902 et
1832 4843 1923 4920 priori
1946 4843 1973 4901 8.
1996 4844 2104 4902 Fridae
2131 4843 2268 4917 mandat,
2302 4851 2338 4903 ut

850 4934 996 5012 capellam
1018 4933 1054 4992 de
1076 4933 1212 5009 Upetone
1234 4931 1351 4989 matrici
1374 4929 1516 4990 ecelesiae
1538 4929 1575 4987 de
1597 4929 1726 4988 Tarente
1754 4929 1922 4988 restituant.
1967 4929 2067 5008 Comp.
2090 4930 2128 4987 II.
2150 4929 2184 4987 L.
2209 4932 2236 4987 1.
2259 4934 2281 4987 t.
2308 4934 2337 4990 2.

851 5039 875 5078 5.
899 5022 926 5093 8,
949 5020 1034 5078 Decr.
1057 5018 1145 5095 0153.
1167 5018 1201 5076 L.
1223 5018 1246 5076 I.
1269 5022 1289 5075 t.
1313 5020 1340 5076 3.
1364 5037 1387 5075 c.
1413 5017 1460 5074 12.
1483 5050 1524 5057 —-
1547 5015 1611 5089 „Ex
1633 5020 1718 5094 parte
1741 5015 1785 5074 8.“

810 5109 913 5164 16586
930 5105 1063 5181 (10217)
1085 5104 1234 5176 Mauritio,
1257 5103 1395 5180 episcopo
1410 5101 1580 5175 Parisiensi,
1603 5101 1658 5161 hoe
1680 5101 1870 5180 privilegium
1893 5101 2007 5174 asserit,
2030 5106 2064 5160 ut
2086 5101 2338 5178 quotiescumque

767 5171 769 5258 1
852 5193 1014 5251 decanatus
1036 5191 1201 5262 vacaverit,
1224 5189 1353 5246 reditum
1375 5189 1438 5246 eius
1462 5187 1614 5267 percipiat.
1657 5187 1804 5247 Theodori
1827 5187 2046 5246 Poenitentiale
2067 5188 2106 5244 11.
2130 5188 2205 5259 640,
2229 5187 2338 5264 Migne

767 5259 769 5360 1
853 5280 914 5336 204
938 5298 965 5355 p.
989 5280 1081 5337 1475.
1106 5311 1144 5317 —
1169 5275 1231 5348 „Ex
1255 5274 1383 5351 quodam
1406 5275 1543 5350 script0“.

811 5367 912 5424 16587
931 5364 1064 5439 (10218)
1087 5361 1212 5420 Ρ515515
1227 5360 1374 5433 Mauritio,
1396 5361 1534 5439 episcopo
1548 5359 1718 5434 Parisiensi,
1740 5360 1928 5418 concordiam
1948 5360 2026 5416 inter
2040 5358 2223 5436 Stephanum
2239 5377 2338 5434 quon-

851 5451 919 5509 dam
942 5450 1112 5526 episcopum
1135 5453 1166 5506 et
1187 5447 1390 5505 Theobaldum
1414 5445 1655 5504 archidiaconum
1683 5445 1876 5523 compositam
1899 5445 2067 5504 conservari
2090 5444 2180 5503 iubet.
2225 5445 2337 5523 (Frag-

851 5536 1006 5611 mentum).
1050 5533 1196 5592 Theodori
1219 5532 1436 5591 Poenitentialc
1458 5533 1495 5590 II.
1521 5534 1591 5589 718.
2051 5541 2053 5544 ·
