4874 6390
713 403 1002 490 ALEXANDER
1027 406 1096 477 IIl.
1152 403 1413 476 1159-1181.
1972 403 2044 473 355

83 755 149 812 lun.
181 755 231 814 27.
288 754 448 812 Tusculani
520 753 624 811 13545
646 750 828 809 Monasterio
850 745 877 809 S.
900 750 1012 809 1155155
1035 748 1254 827 Aquaourtensi
1277 747 1417 808 eeclesias
1441 747 1477 807 de
1501 747 1628 807 Carnoie
1651 752 1682 806 51
1704 747 1908 824 deLigniaco
1931 746 2045 805 asserit.

561 839 596 896 ln
619 837 690 896 bibl.
712 841 773 895 nat.
795 836 889 894 Paris.
903 835 985 908 Ooll,
1007 837 1130 895 Moreau
1154 838 1203 895 70.
1225 836 1245 893 f.
1269 837 1340 894 258.
1364 868 1405 876 -
1428 835 1535 908 „Iustis
1558 834 1724 911 petentium
1746 833 1927 892 desideriis“.

84 925 138 984 lnl.
204 927 232 984 6.
364 969 380 998 ,,
522 925 625 983 13546
641 925 749 998 (8767.
765 924 862 999 9260)
885 921 1081 997 K(anutum),
1112 921 1259 980 illustrem
1281 913 1431 979 Sweorum
1453 925 1484 978 et
1507 920 1673 993 Gothorum
1697 939 1811 998 regem,
1840 921 1993 998 episcopos
2016 924 2046 976 et

562 1010 693 1067 nobilem
715 1009 811 1067 virum
834 1007 948 1081 ducem,
971 1009 1202 1083 universumque
1225 1007 1337 1065 olerum
1360 1012 1390 1065 et
1413 1006 1555 1084 populum
1578 1025 1631 1084 555
1646 1005 1786 1064 Gothiam
1809 1007 1985 1064 constitutos
2008 1004 2046 1063 ad

563 1096 724 1154 servandas
746 1095 828 1170 leges
855 1095 991 1167 maritas,
1024 1093 1164 1153 colendos
1192 1093 1360 1152 sacerdotes
1392 1092 1564 1170 dandusque
1587 1093 1727 1150 decumas
1749 1092 1893 1172 hortatur.
1936 1092 2045 1163 115551,

563 1199 601 1239 55
623 1180 834 1254 „exheredatis
857 1180 999 1257 legitimis
1021 1179 1090 1238 111115
1113 1179 1191 1238 5555
1219 1179 1319 1237 omnia
1347 1179 1479 1238 eeclesiis
1507 1179 1752 1255 derelinquant“,
1783 1196 1858 1236 5555
1881 1178 2045 1251 „homines

563 1268 593 1324 15
617 1267 770 1344 551511555
793 1271 824 1324 51
846 1267 990 1325 ebrietate
1013 1267 1132 1339 occisos,
1156 1265 1241 1342 quasi
1257 1271 1375 1324 sanctos
1390 1283 1472 1323 more
1487 1264 1652 1322 infidelium
1668 1265 1879 1324 venerentur“.
1910 1263 2047 1321 Remittit

564 1353 600 1410 iis
623 1396 638 1426 „
646 1351 913 1430 quadragesimam,
936 1370 1013 1428 5555
1035 1357 1081 1409 551
1104 1356 1174 1409 5515
1196 1351 1305 1410 festum
1320 1351 1347 1409 S.
1363 1350 1524 1424 Michaelis,
1548 1356 1674 1428 excepta
1689 1356 1777 1410 sexta
1793 1350 1898 1408 feria“.
1927 1349 2046 1407 Gratias

565 1439 636 1525 qgit,
659 1439 738 1514 quod
761 1457 792 1496 se
815 1438 863 1510 „in
885 1437 988 1496 multis
1009 1437 1239 1496 necessitatibus
1261 1437 1322 1496 suis
1345 1455 1398 1515 per
1413 1436 1595 1495 Richardum
1611 1438 1817 1514 presbyterum
1833 1436 2046 1494 visitaverint“.

564 1524 719 1601 Ornhjilm
745 1524 823 1582 Hist.
850 1524 956 1582 85555.
978 1544 1006 1600 p.
1029 1525 1105 1598 496,
1137 1523 1288 1600 Liljegren
1310 1523 1388 1600 Dipl.
1416 1524 1499 1582 Suec.
1522 1524 1545 1582 I.
1569 1525 1622 1596 61,
1654 1523 1796 1600 Rydberg
1822 1523 1923 1597 Sverg.
1946 1521 2046 1579 'lhalrt

565 1612 588 1669 Ι.
604 1613 653 1684 94,
676 1610 777 1686 Migne
794 1611 855 1668 200
879 1629 907 1686 p.
924 1611 1015 1682 1259,
1040 1609 1155 1686 (Comp.
1170 1610 1209 1667 H.
1223 1609 1256 1667 L.
1273 1610 1301 1667 5.
1324 1614 1344 1667 1.
1361 1611 1410 1667 21.
1433 1628 1457 1667 5.
1476 1613 1501 1682 1,
1524 1609 1609 1668 Decr.
1628 1609 1717 1686 Greg.
1738 1609 1840 1667 LIII.
1863 1614 1883 1668 t.
1899 1609 1949 1666 45.
1965 1627 1989 1666 o.
2006 1608 2047 1681 1).

565 1730 605 1738 —
628 1698 778 1770 „heterna
800 1700 830 1753 et
850 1694 1119 1753 incommutabilia
1141 1695 1357 1769 („hudivimus,
1379 1696 1457 1771 quod
1480 1695 1640 1771 quidam“).

523 1783 625 1841 13547
649 1782 803 1840 Fratribus
825 1781 951 1840 militiae
973 1780 1075 1858 templi
1098 1781 1129 1838 in
1152 1781 1278 1840 Erancia
1300 1780 1341 1854 (P)
1364 1781 1512 1858 indulget,
1535 1785 1591 1855 „ut
1612 1781 1720 1858 legatis
1743 1785 1773 1838 et
1794 1780 1908 1838 nuntiis
1932 1784 2047 1855 aposto·

563 1868 638 1926 11555
661 1868 748 1940 sedis,
770 1867 798 1925 S.
821 1867 854 1924 R.
877 1868 910 1925 E.
933 1866 1133 1925 cardinalibus
1156 1867 1304 1946 exceptis,
1327 1867 1365 1925 ad
1388 1867 1545 1926 solvendas
1568 1867 1639 1944 ipsis
1662 1867 1886 1944 procurationes
1909 1865 2047 1942 pecunia·

565 1954 624 2012 rias
647 1953 783 2031 compelli
806 1952 893 2012 inviti
916 1953 1106 2028 aliquatenus
1134 1970 1193 2011 non
1221 1954 1347 2031 possint,
1379 1953 1539 2011 dummodo
1567 1953 1664 2030 parati
1687 1953 1747 2011 sint
1770 1951 1993 2030 procurationes
2015 1951 2046 2007 15

564 2040 743 2099 victualibus
765 2044 796 2097 et
817 2039 885 2097 aliis
907 2038 1081 2097 necessariis
1104 2039 1273 2098 exhibere“.
1301 2040 1392 2096 Prutz
1414 2039 1556 2097 Malteser
1570 2039 1642 2097 Urlr.
1664 2057 1692 2116 p.
1707 2041 1763 2111 41;
1787 2038 1913 2114 (bullam
1935 2037 2046 2096 ibidem

565 2145 592 2202 p.
608 2128 657 2186 38.
671 2143 700 2182 n.
716 2127 735 2183 5
759 2125 908 2200 signatam
930 2124 1005 2182 15155
1020 2125 1192 2183 Alexandro
1205 2126 1258 2183 111.
1276 2125 1436 2203 ascriptam
1451 2144 1524 2198 esse,
1547 2124 1681 2183 clausula
1696 2124 1804 2199 docet).
1821 2158 1861 2166 —
1883 2124 2046 2200 („Dignum

564 2229 629 2269 esse
652 2211 890 2287 conspicimus“).
1900 2280 1903 2286 Ι

524 2297 627 2355 13548
650 2296 901 2373 Archiepiscopis,
935 2294 1095 2372 episcopis,¹
1126 2296 1285 2354 abbatibus
1312 2301 1342 2353 51
1367 2296 1435 2354 51115
1463 2297 1655 2354 ecclesiarum
1682 2295 1823 2373 praelatis
1845 2296 1980 2368 mandat,
2013 2299 2046 2353 ut

564 2381 784 2459 parrochianos,
807 2382 911 2457 quiin
935 2381 1064 2457 aliquem
1087 2382 1213 2439 fratrum
1236 2382 1393 2459 hospitalis
1409 2382 1682 2460 Hierosolymitami
1705 2383 1820 2459 „ipsum
1836 2381 1979 2458 capiendo
1998 2380 2046 2439 vel

565 2468 626 2526 suis
649 2468 826 2544 equitaturis
850 2467 1015 2524 deiiciendo
1043 2472 1096 2525 aut
1123 2469 1197 2526 51155
1219 2467 1376 2526 1515555515
1403 2468 1559 2526 155515555
1587 2468 1733 2526 515155155
1756 2486 1861 2526 manus
1884 2468 2044 2539 iniiciant“,

565 2553 831 2612 excommunicent.
875 2554 1000 2630 Autogr.
1023 2552 1053 2610 15
1076 2553 1136 2612 151).
1160 2558 1220 2611 nat.
1242 2553 1335 2612 Paris.
1357 2554 1391 2611 L.
1415 2555 1485 2612 250.
1507 2573 1536 2611 n.
1561 2555 1630 2612 104.
1653 2588 1694 2596 -
1717 2554 1805 2628 „Paci
1828 2559 1858 2612 et
1880 2554 2000 2630 quicti“.

525 2640 627 2697 13549
644 2640 757 2714 (8768)
772 2639 951 2698 Universum
974 2638 1137 2716 capitulum
1152 2639 1325 2698 monasterii
1341 2639 1368 2698 S.
1383 2639 1484 2698 Saviui
1507 2639 1712 2717 obtemperare
1728 2639 1830 2698 abbati
1845 2640 1936 2698 iubet.
1969 2639 2046 2696 Mar-

566 2730 635 2783 tene
657 2725 743 2783 Thes.
766 2726 789 2783 I.
813 2728 884 2798 457,
908 2725 1009 2800 Migne
1033 2726 1095 2784 200
1119 2746 1146 2803 p.
1171 2729 1262 2784 1262.
1286 2758 1326 2766 -
1350 2726 1487 2799 „Quanta
1509 2726 1574 2783 sit“.

525 2812 627 2870 13550
651 2810 808 2869 1155551515
831 2812 858 2868 8.
881 2811 993 2868 Μ55155
1015 2811 1165 2869 Β15555515
1187 2811 1331 2888 indulget,
1354 2830 1391 2869 55
1414 2812 1451 2870 55
1473 2811 1637 2885 novalibus,
1660 2831 1737 2889 5555
1759 2811 1886 2889 55555115
1908 2811 2045 2868 manibus

565 2897 611 2953 vel
635 2897 800 2974 sumptibus
822 2896 973 2969 excolant,
1005 2896 1135 2954 decimas
1158 2897 1283 2956 5515551.
1326 2897 1396 2954 Alia
1424 2897 1582 2975 privilegia
1603 2898 1695 2956 addit.
1739 2897 1851 2956 Cartul.
1873 2898 1910 2955 55
1932 2898 2044 2972 Burgo-

564 2982 662 3040 medio
685 2983 832 3056 Blesensi,
864 2981 937 3040 0011.
965 2982 1122 3041 Houssoau
1147 2985 1194 3041 12.
1216 2985 1239 3041 I.
1262 2984 1282 3042 l.
1306 2985 1345 3041 72
1374 2983 1405 3040 15
1433 2983 1503 3041 bibl.
1526 2987 1586 3041 nat.
1608 2984 1714 3042 Paris:
1759 2983 1835 3058 ,,ΙΗ.
1862 2983 1922 3042 kal.
1945 2984 2044 3060 Ang.“

564 3068 626 3141 (An
649 3069 687 3126 sit
709 3069 814 3126 eadem
837 3069 918 3125 hulla
941 3086 975 3126 55
1000 3069 1136 3143 135521)
1160 3103 1200 3111 -
1223 3068 1360 3142 „Quanto
1382 3069 1588 3127 laudabilius“.

524 3155 625 3212 13551
652 3154 801 3230 H(ngoni)
830 3154 932 3212 abbati
955 3153 982 3211 S.
1005 3153 1146 3212 Germani
1175 3155 1211 3212 de
1234 3155 1331 3213 Pratis
1354 3155 1530 3213 Parisiensis
1556 3155 1680 3231 eiusque
1707 3156 1926 3214 suecessoribus
1957 3161 2043 3212 usum

565 3240 672 3298 mitrae
687 3241 829 3317 anulique
844 3239 988 3298 concedit.
1018 3242 1142 3316 Autogr.
1165 3240 1195 3298 in
1210 3240 1302 3299 tabul.
1317 3245 1377 3299 nat.
1392 3241 1486 3299 Paris.
1501 3241 1533 3298 L.
1550 3243 1621 3300 231.
1636 3259 1664 3299 n.
1680 3243 1730 3298 41.
1745 3275 1787 3283 -
1809 3241 1885 3313 „Eos
1900 3240 2043 3319 spetiali“.

524 3325 627 3385 13552
650 3326 800 3383 Ecclesiae
816 3327 843 3384 S.
858 3325 970 3383 Mariae
986 3326 1119 3384 Blesensi
1142 3326 1377 3403 „indulgentiam
1396 3326 1433 3384 55
1449 3326 1605 3398 novalibus
1621 3332 1650 3384 51
1666 3327 1703 3384 55
1718 3327 1871 3385 evectione
1887 3326 2043 3384 abbatiae“

565 3411 708 3469 coneedit.
749 3412 996 3487 (Fragmentum.)
1040 3413 1162 3488 Auvray
1185 3413 1291 3470 1151155
1313 3412 1413 3471 55515
1436 3432 1489 3471 ms.
1512 3412 1692 3470 Ottobonien
1717 3415 1800 3470 2966
1824 3415 1907 3490 516
1930 3413 1960 3470 15
1983 3413 2058 3470 lde-⁴

564 3498 668 3573 langes
690 3496 799 3555 d’arch.
822 3502 852 3555 et
874 3497 970 3555 d’hist.
986 3497 1040 3555 VI:
1065 3499 1135 3571 ,,ΙΗ.
1151 3498 1189 3556 id.
1205 3499 1311 3574 Aug.‘-‘;
1335 3498 1476 3576 5155555
1493 3499 1606 3557 13550.
1622 3532 1663 3540 -
1686 3499 1823 3572 „Quanto
1838 3499 2042 3556 laudabilius“.

525 3583 627 3641 13553
650 3582 799 3641 Ecclesiae
822 3583 849 3641 S.
865 3583 978 3641 Mariae
1000 3583 1148 3642 Blesensis
1171 3584 1367 3662 parochianos
1389 3585 1468 3662 apud
1491 3584 1631 3642 ccclesias
1653 3584 1681 3641 S.
1696 3583 1858 3642 Salvatoris
1880 3584 2042 3643 5187115-

565 3687 630 3726 mae
654 3669 772 3746 sepeliri
795 3673 885 3742 vetat,
908 3669 964 3726 nisi
989 3669 1062 3742 „hoo
1077 3671 1107 3727 in
1122 3671 1230 3727 ultima
1245 3671 1397 3728 voluntate
1412 3670 1583 3746 elegerint“.
1606 3669 1697 3743 (11515
1713 3669 1883 3746 555551515.)
1910 3669 2042 3728 Chartul.

565 3753 601 3812 dc
623 3755 834 3830 Burgo-medio
856 3755 998 3827 Blesensi,
1021 3755 1094 3814 Coll.
1109 3755 1265 3815 Houssean
1290 3759 1339 3814 12.
1362 3757 1384 3813 Ι.
1408 3755 1427 3813 f.
1444 3758 1483 3815 72
1506 3757 1536 3812 15
1559 3754 1629 3814 bibl.
1651 3759 1712 3835 551.
1727 3755 1819 3813 Ρ5515.
1842 3756 1973 3831 (Eragm.
1996 3775 2042 3832 ap.

564 3841 687 3917 ,455555
709 3841 815 3899 Notice
837 3859 888 3899 sur
910 3841 938 3898 le
961 3859 1013 3899 ms.
1036 3841 1218 3900 Ottobonien
1243 3844 1324 3901 2966
1348 3862 1376 3919 5.
1401 3843 1439 3900 16
1462 3841 1493 3898 15
1516 3842 1670 3917 Melanges
1692 3840 1801 3900 d’arch.
1823 3848 1854 3898 51
1875 3841 1973 3900 d’hist.
1990 3841 2042 3899 VI.

564 3959 605 3967 —
628 3925 720 3998 „Cum
742 3930 887 3984 statutum
910 3927 975 3985 sit“.

524 4011 627 4071 13554
650 4011 807 4070 1155551515
830 4013 857 4070 S.
879 4013 992 4070 1155155
1013 4013 1205 4071 Blesensibus
1228 4013 1371 4086 coneedit,
1394 4031 1432 4070 ne
1455 4012 1501 4070 cui
1524 4012 1620 4084 115551,
1643 4012 1837 4090 praebendas,
1860 4032 1951 4090 „quas
1973 4013 2042 4072 laici

564 4098 594 4154 in
618 4098 749 4156 ecclesiis
772 4099 799 4156 S.
821 4099 957 4156 85155515
980 4103 1010 4156 51
1032 4099 1060 4157 8.
1082 4098 1238 4177 Karilephi
1260 4099 1428 4170 detineant,
1455 4099 1519 4156 sine
1548 4117 1650 4156 eorum
1673 4117 1795 4157 assensn
1818 4101 1971 4176 acquirere
1993 4100 2042 4158 551

564 4186 692 4241 15555511.
735 4183 780 4241 De
811 4185 953 4242 ecelesiae
980 4185 1107 4242 censivis
1135 4189 1165 4242 et
1194 4185 1427 4262 possessionibus
1450 4184 1563 4242 statuit.
1607 4184 1739 4244 Chartul.
1762 4186 1799 4243 de
1821 4185 2041 4261 Burgo·1nedio

563 4269 697 4326 Blesensi
720 4269 773 4328 1.1.
795 4270 814 4327 1.
839 4266 908 4343 721,
932 4270 1068 4346 (Auvray
1090 4269 1195 4328 Notice
1218 4283 1269 4328 sur
1290 4271 1318 4327 le
1340 4290 1394 4328 ms.
1416 4270 1597 4329 Ottobonien
1622 4273 1704 4331 2966
1728 4290 1756 4347 p.
1774 4274 1812 4330 17
1836 4272 1867 4328 15
1890 4271 2042 4348 Melanges

563 4355 672 4412 d’arch.
695 4359 725 4413 et
747 4355 844 4414 d'hist.
866 4355 940 4430 Vl.).
963 4389 1003 4397 -
1027 4356 1074 4428 „Si
1096 4355 1215 4432 quando
1237 4356 1429 4433 postulatur‘f.
2052 4369 2058 4380 ·

523 4440 626 4498 13555
649 4440 805 4499 Fratribus
828 4440 856 4499 S.
878 4442 991 4500 Mariae
1013 4441 1203 4500 Blesensibus
1226 4441 1369 4518 indulget,
1392 4460 1447 4515 „ne
1470 4441 1536 4518 quis
1558 4442 1588 4498 15
1612 4441 1751 4500 abbatem
1774 4441 1904 4518 eligatur
1924 4442 1981 4500 nisi
2004 4444 2041 4500 de

564 4527 712 4585 communi
734 4545 857 4585 assensu
880 4527 1000 4586 maioris
1023 4528 1070 4586 vel
1092 4527 1218 4585 sanioris
1241 4528 1359 4605 partis“.
1404 4528 1549 4603 (Eragm.)
1593 4528 1714 4604 huvray
1737 4528 1843 4586 Notiee
1866 4547 1917 4586 sur
1939 4529 1966 4586 le
1989 4548 2042 4587 ms.

563 4611 744 4670 Ottobonien
768 4614 851 4671 2966
874 4633 902 4691 p.
926 4616 964 4671 17
988 4614 1020 4671 15
1042 4614 1195 4690 Melanges
1218 4613 1325 4672 d'arch.
1348 4620 1378 4671 et
1400 4613 1496 4671 d’hist.
1518 4613 1569 4671 VI.
1597 4646 1632 4654 -
1662 4614 1869 4690 „Apostolicae
1891 4615 1969 4672 sedis
1991 4615 2041 4674 he·

563 4698 737 4773 nignitate“.
983 4713 986 4718 ·

523 4783 626 4842 13556
650 4782 807 4842 Oanoniois
822 4783 977 4842 81155155
992 4784 1182 4842 Blesensibus
1206 4785 1248 4843 ita
1271 4784 1384 4843 scribit:
1408 4784 1481 4858 „Pro
1504 4802 1539 4841 eo
1562 4783 1640 4860 quod
1657 4784 1756 4843 clerici
1771 4785 1873 4842 domos
1889 4785 2041 4862 parochia-

563 4887 628 4925 rum
651 4873 817 4927 vestrarum
839 4869 1018 4943 inhabitant,
1040 4871 1117 4943 laici,
1140 4871 1197 4928 5151
1220 4871 1280 4928 5151
1302 4871 1338 4928 55
1361 4870 1492 4948 ipsorum
1516 4869 1650 4942 familiis,
1673 4875 1734 4927 tam
1757 4877 1928 4948 5555555155
1951 4890 2039 4947 quam

564 4955 665 5026 futuri,
688 4955 824 5013 excusari
846 4975 906 5013 nou
926 4960 1057 5033 possunt,
1081 4957 1238 5032 quominus
1253 4957 1289 5015 de
1305 4956 1369 5013 inre
1384 4955 1548 5033 parochiali
1563 4955 1647 5014 vobis
1662 4957 1841 5034 respondere
1856 4960 2041 5015 teneantur“.

564 5040 690 5113 (Charta
712 5041 826 5099 mendis
848 5045 966 5116 scatet).
1010 5042 1142 5100 Chartul.
1165 5042 1202 5100 de
1225 5042 1436 5118 Burgomedio
1458 5041 1549 5114 Β155.,
1573 5040 1645 5099 0511.
1668 5042 1940 5101 Η555555512.1.
1964 5043 1982 5101 f.
2000 5045 2039 5102 73

563 5126 593 5183 15
616 5126 687 5184 bibl.
710 5126 886 5186 55115515.
923 5129 1059 5204 (Auvray
1082 5128 1187 5186 Notice
1209 5127 1310 5186 55515
1332 5147 1385 5186 ms.
1408 5127 1588 5186 Ottobonien
1613 5129 1695 5187 2966
1719 5148 1745 5205 p.
1772 5131 1810 5186 18
1832 5129 1863 5185 in
1886 5129 2040 5206 Melanges

562 5211 672 5270 d'areh.
694 5217 724 5270 et
746 5212 843 5271 d’hist.
865 5213 939 5288 Vh).
962 5247 1003 5255 —-
1026 5214 1137 5287 „Vobis
1160 5214 1388 5290 suggerentibus
1411 5213 1640 5272 intelleximus“.

522 5300 625 5357 13557
642 5299 754 5373 (8769)
777 5297 1036 5358 (1555515555518.
1052 5300 1160 5376 Reguli
1182 5299 1278 5376 legem
1301 5300 1463 5373 confirmat,
1486 5304 1537 5373 „ut
1555 5298 1698 5373 canonici,
1721 5298 1772 5374 qui
1788 5317 1841 5377 per
1855 5317 1908 5368 sex
1924 5318 2040 5358 menses

563 5384 593 5440 in
625 5402 703 5442 anno
735 5385 877 5442 ecclesiae
908 5403 968 5443 non
999 5386 1168 5459 servierint,
1199 5405 1258 5444 non
1286 5386 1408 5445 obtenta
1434 5379 1566 5458 licentia,
1597 5384 1704 5461 viginti
1732 5391 1847 5442 tantum
1871 5385 1980 5443 solidos
2002 5386 2039 5443 de

563 5470 740 5546 praebendis
762 5471 822 5528 suis
846 5470 1016 5548 recipiant.“
1048 5471 1103 5530 Vie
1126 5473 1163 5530 de
1179 5471 1206 5530 S.
1221 5472 1325 5548 Rieule
1341 5493 1368 5550 p.
1384 5475 1454 5544 398,
1478 5477 1553 5530 15515
1569 5471 1741 5547 Brtquigny
1755 5471 1847 5528 Table
1869 5471 1970 5529 chron.
1985 5471 2039 5528 III.

563 5557 634 5613 537.
649 5555 784 5632 Epistola
794 5556 876 5629 haec,
886 5557 956 5614 licet
965 5557 1035 5615 data
1045 5558 1177 5634 legatur:
1187 5558 1316 5631 „XVllL
1327 5558 1385 5616 kal.
1395 5557 1499 5635 Sept.“,
1510 5557 1613 5615 eadem
1624 5575 1688 5614 esse
1699 5557 1817 5614 videtur
1825 5576 1859 5614 55
1869 5576 1914 5634 55.
1927 5559 2039 5615 13568.

1772 5657 1824 5712 45*
