4852 6382
1088 378 1368 469 Supplemeutum
1396 385 1613 473 regestorum.

791 907 1014 974 eas-eea.
1110 801 1497 887 summimus
1525 804 1560 884 r.
1615 801 1845 886 eoo-ees
1875 803 2014 905 (ess).

733 1089 735 1092 .
815 1035 929 1092 soma
950 1031 1151 1090 *Monasterio
1173 1033 1201 1091 S.
1217 1030 1394 1090 Columbani
1409 1030 1548 1088 Bobicnsi
1571 1029 1760 1107 privilegium
1782 1029 1842 1103 dat,
1865 1031 1895 1088 in
1919 1049 1978 1107 quo
2000 1029 2153 1090 interdicit
2176 1033 2340 1112 „episcopis

857 1119 963 1176 vicinis
985 1118 1031 1176 vel
1056 1119 1158 1196 procul
1180 1119 1218 1177 sb
1240 1118 1305 1195 ipso
1320 1116 1502 1175 monasterio
1517 1116 1693 1189 constitutis,
1716 1121 1750 1174 ut
1771 1116 1847 1173 nihil
1863 1162 1869 1174 .
1886 1161 1893 1176 .
1908 1160 1916 1175 .
1932 1123 2124 1194 praesumant
2139 1123 2244 1176 contra
2259 1119 2340 1191 hacc,

859 1223 934 1282 quac
962 1203 1119 1282 privilegia
1147 1222 1249 1263 eorum
1274 1208 1304 1262 ct
1326 1203 1463 1262 instituta
1490 1203 1663 1274 decernant;
1691 1207 1725 1260 ut
1752 1202 1915 1279 opiscopus,
1944 1221 2032 1280 quem
2060 1210 2146 1281 pater
2168 1206 2340 1263 monasterii

860 1291 905 1349 vel
928 1291 1122 1368 congregatio
1144 1290 1316 1348 invitaverit
1342 1289 1380 1347 ad
1408 1289 1586 1347 celebranda
1612 1287 1768 1346 sollemnia
1795 1293 1859 1362 cet,
1886 1289 2026 1362 accedat3.
2053 1295 2086 1347 ut
2107 1290 2208 1348 nullus
2232 1291 2341 1350 habeat

859 1382 1037 1456 potestatem
1065 1377 1211 1454 episcopis
1239 1376 1332 1452 (leger
1361 1375 1530 1452 episcopus)
1556 1375 1586 1432 in
1615 1374 1702 1432 rebus
1725 1375 1898 1433 monasterii
1926 1375 1974 1434 vel
2002 1377 2144 1452 personis,
2176 1377 2235 1435 nisi
2264 1377 2342 1454 quod

860 1463 1053 1540 congregatio
1069 1463 1246 1540 regulariter
1269 1461 1420 1539 elegerit.“
1458 1460 1664 1537 (Privileginm
1687 1459 1820 1519 ciusdem
1843 1461 1890 1520 vel
1912 1461 2056 1520 simillimi
2078 1462 2191 1522 tenoris
2207 1482 2242 1521 ec
2258 1467 2340 1524 2053

860 1555 932 1608 crat.
977 1550 1174 1626 Suspectum.)
1218 1548 1295 1606 Vide
1317 1547 1429 1606 Sicardi
1452 1547 1587 1606 Cremon.
1610 1546 1743 1605 tabulam
1765 1566 1811 1624 ap.
1835 1546 1956 1623 Ughclli
1978 1548 2014 1606 It.
2039 1567 2112 1607 sacr.
2135 1548 2187 1608 IV.
2212 1551 2283 1623 936,
2307 1551 2342 1609 cl.

862 1635 952 1694 ctiam
974 1635 1077 1693 Mirec.
1099 1635 1126 1693 S.
1149 1635 1282 1693 Columb.
1306 1653 1329 1692 c.
1354 1635 1393 1692 23
1418 1633 1448 1690 in
1471 1632 1614 1691 hlabillcn
1636 1633 1715 1691 Acta
1735 1631 1783 1691 SS.
1805 1632 1840 1691 O.
1864 1633 1896 1692 B.
1919 1633 1957 1691 Π.
1982 1634 2031 1693 50.

820 1723 933 1781 20770
955 1721 1110 1779 Theodoro
1132 1721 1283 1799 episcopo:
1307 1721 1358 1792 „In
1382 1719 1462 1777 omni
1484 1719 1549 1778 loco
1573 1718 1811 1796 archipresbyter
1826 1724 1857 1777 ct
1871 1718 2097 1778 archidiaconus
2112 1725 2143 1778 ct
2158 1719 2344 1796 primicerius

778 1763 781 1914 i
862 1812 1088 1886 repraesentant
1114 1808 1208 1866 vicem
1236 1805 1382 1884 pontificis
1409 1805 1440 1862 in
1463 1806 1526 1864 eius
1548 1805 1710 1863 aasentias
1755 1803 1863 1879 (Cruce
1891 1805 1930 1863 sit
1952 1805 2131 1882 signandum
2154 1825 2257 1880 necne,
2285 1825 2343 1865 non

863 1901 908 1952 cst
939 1894 1148 1971 exploratum.)
1202 1893 1247 1950 Ex
1280 1891 1352 1950 Coll.
1380 1892 1467 1950 Taur.
1495 1910 1541 1968 ap.
1569 1890 1844 1968 Pflugk·Harttung
1866 1890 1928 1949 Itcr
1952 1911 1979 1968 p.
2005 1893 2073 1966 175,
2105 1893 2149 1967 (in
2173 1893 2239 1950 eius
2261 1893 2345 1952 Actis

863 1980 983 2038 ineditis
1006 1998 1065 2038 non
1088 1979 1210 2054 exstat).
1233 2009 1274 2020 —
1297 1978 1350 2052 „In
1373 1977 1453 2037 omni
1475 1977 1565 2036 locc“.
1663 2017 1668 2024 -

1401 2269 1636 2276 -——----.-
1644 2269 1672 2276 ..-

1233 2535 1546 2620 susumus
1574 2536 1610 2617 Ι.
1665 2535 1904 2618 tel—657.

798 2641 1014 2708 ese-aer.

797 2768 938 2836 †2084cs
960 2765 1085 2824 Leontio
1109 2761 1263 2824 exconsuli
1285 2765 1395 2838 scribit,
1419 2783 1552 2837 „omnem
1576 2764 1626 2841 qui
1650 2771 1772 2838 asserat,
1795 2765 1959 2841 quamlibet
1981 2784 2101 2824 causam
2124 2785 2156 2823 se
2179 2767 2352 2844 specialiter

863 2851 946 2924 scire,
975 2851 1168 2910 nihilominus
1197 2851 1367 2910 habendum
1395 2869 1460 2910 esse
1481 2849 1551 2908 inde
1579 2869 1632 2927 pro
1656 2856 1738 2922 teste,
1766 2851 1823 2908 nisi
1847 2853 1922 2910 sorte
1951 2871 2003 2929 pro
2026 2851 2194 2910 manifestis
2218 2853 2351 2911 infamiis

868 2938 965 3080 possi}
984 2937 1272 3082 ppnnsuelperppffloausa
1299 2937 1432 3014 repclli“;
1460 2942 1516 2995 cet.
1560 2936 1634 2995 Coll.
1660 2936 1747 2996 Taur.
1774 2956 1820 3015 ap.
1842 2937 2115 3014 Pflugk-Harttung
2137 2938 2217 2997 Acta
2238 2938 2278 2998 ΙΙ.
2303 2942 2352 2997 20.

868 3057 908 3066 —-
933 3042 982 3098 „o
1181 3067 1188 3082 .

1405 3197 1427 3202 ...r
1447 3195 1747 3202 --—-—.-—.-..--

1232 3409 1622 3494 murmanus,
1677 3410 1917 3492 set-sss.

804 3518 892 3584 005.

827 3643 942 3702 208οα
965 3640 1085 3715 (Oswio,
1114 3641 1178 3716 regi
1205 3641 1356 3699 Saxonum
1383 3639 1729 3715 Northanhumbrorum)
1752 3641 1855 3698 scribit
1877 3641 1931 3698 ita:
1963 3642 2150 3716 „Numquam
2174 3642 2255 3700 enim
2280 3643 2355 3701 celc-

869 3729 956 3786 brarc
980 3727 1077 3802 (licet)
1099 3733 1235 3785 sanctum
1258 3727 1376 3804 pasche,
1403 3726 1460 3783 nisi
1484 3727 1646 3784 secundum
1669 3727 1860 3805 apostolicam
1889 3733 1920 3785 ct
1942 3727 2117 3785 catholicam
2140 3727 2239 3801 fidem,
2268 3739 2302 3786 ut
2325 3730 2354 3786 in

872 3819 934 3872 toto
966 3813 1133 3872 celebretur
1163 3812 1234 3872 orbe
1265 3832 1284 3870 a
1319 3812 1490 3870 Christiana
1520 3811 1618 3889 plebe,
1650 3812 1679 3869 id
1712 3818 1757 3870 est
1792 3813 1954 3872 secundum
1986 3812 2180 3890 apostolicam
2219 3815 2355 3890 regulam

787 3897 789 3904 ’
871 3898 1048 3958 CCCXVIII
1079 3905 1251 3957 sanctorum
1283 3903 1400 3975 patrum
1432 3917 1466 3956 ac
1497 3903 1667 3976 computum
1695 3898 1848 3975 scyriis
1877 3905 1907 3956 et
1934 3898 2078 3975 Dionysii.
2123 3898 2202 3957 Nam
2234 3901 2264 3957 in
2293 3905 2355 3958 toto

787 3905 790 4080 i
873 3992 1018 4044 terrarum
1034 3986 1105 4044 orbc
1128 3984 1356 4044 sio...ccclesia
1367 3983 1568 4043 ‘immaculata
1584 3990 1719 4042 sanctum
1735 3985 1863 4061 paschae
1880 3985 2103 4043 resurrectionis
2118 3985 2199 4044 diem
2214 3985 2354 4044 celebrat.

872 4072 949 4129 Nam
977 4070 1106 4130 Victoris
1129 4071 1213 4129 sedes
1241 4070 1405 4147 apostolica
1430 4089 1489 4128 non
1521 4070 1698 4147 adprobavit
1719 4071 1854 4147 regulam
1882 4070 2019 4148 paschae,
2051 4071 2117 4128 ideo
2139 4089 2195 4129 nec
2218 4072 2355 4148 sequitur

872 4157 1096 4234 dispositionem
1125 4157 1188 4214 cius
1208 4174 1261 4234 pro
1283 4156 1417 4234 pascha.“
1462 4156 1688 4234 (Fragmentum
1716 4156 1773 4215 hoc
1800 4176 1839 4215 cx
1863 4176 1907 4233 cp.
1932 4159 2024 4230 2089,
2056 4175 2144 4232 quam
2167 4156 2253 4216 Beda
2275 4157 2355 4216 haud

872 4243 1020 4318 integram
1042 4243 1073 4300 in
1089 4261 1162 4321 opus
1177 4261 1263 4300 suum
1280 4243 1399 4319 recepit,
1422 4248 1572 4319 sumptum
1594 4261 1658 4300 csse
1674 4243 1840 4320 suspicetur
1855 4242 1971 4300 Krusch
1995 4243 2024 4299 iu
2047 4241 2147 4300 Neues
2162 4243 2277 4302 Archiv
2293 4243 2312 4301 l.
2322 4244 2354 4313 l.;

873 4328 952 4404 quod
978 4328 1049 4387 licet
1075 4333 1188 4388 rectum
1216 4327 1360 4400 videatur,
1388 4333 1488 4386 tamen
1515 4328 1676 4405 separatim
1701 4327 1732 4386 id
1754 4347 1877 4386 numero
1905 4329 2023 4404 signare
2045 4347 2103 4386 non
2126 4328 2354 4404 dubitavimus.)

872 4413 1011 4473 Usscrius
1033 4415 1086 4492 up.
1109 4414 1178 4472 Hib.
1200 4413 1270 4490 Syll.
1293 4414 1338 4472 cd.
1364 4416 1454 4472 1606.
1477 4434 1504 4491 p.
1522 4417 1570 4488 21,
1597 4417 1692 4472 Janus
1715 4413 1792 4474 Hist.
1819 4414 1893 4491 cycli
1921 4415 2043 4492 Dionys.
2065 4433 2092 4491 p.
2109 4416 2149 4473 35
2173 4416 2256 4491 (cum
2279 4415 2354 4473 falsa

872 4500 1078 4578 inscriptione:
1109 4500 1252 4577 „Scriptio
1282 4499 1441 4577 primicerii
1469 4501 1652 4559 notariorum
1679 4499 1717 4557 ad
1733 4500 1907 4559 ,Iohannem
1936 4501 2084 4578 papem“),
2115 4500 2217 4560 Neues
2244 4501 2355 4560 Archiv

874 4587 927 4644 IX.
951 4589 1021 4646 158.
1043 4623 1085 4632 -
1107 4587 1294 4663 „Numquam
1317 4587 1396 4646 enim
1418 4585 1587 4646 celebrars“
1609 4585 1796 4663 „Numquam
1818 4587 1897 4646 enim
1919 4587 2098 4646 celebrante

810 4719 1023 4786 oss-672.

810 4845 949 4914 rhoea
978 4844 1190 4921 Episcopatum
1216 4842 1445 4915 Ferraricnscm,
1472 4843 1676 4901 consentiente
1698 4842 1894 4902 Constantino
1916 4842 2103 4921 imperatore,
2130 4841 2270 4916 instituit,
2293 4862 2356 4921 pos·

876 4929 1056 4988 sessionibus
1079 4937 1109 4988 ct
1130 4930 1245 4988 iuribus
1268 4928 1456 5006 amplissimis
1478 4928 1554 4986 ditat
1581 4934 1611 4987 et
1632 4928 1781 4986 Marinum
1803 4929 1973 5007 episcopum
1998 4929 2024 4987 ei
2047 4928 2190 5005 praeficit.
2235 4918 2356 5007 Ughelli

876 5015 911 5073 lt.
935 5035 1008 5074 sacr.
1031 5016 1069 5074 II.
1093 5018 1163 5077 519.
1208 5015 1338 5090 (Bullam
1361 5035 1399 5074 ex
1421 5014 1633 5091 diplomatibus
1656 5035 1731 5074 saec.
1754 5015 1815 5072 XII
1837 5015 1979 5074 ecclcsiae
2002 5014 2184 5073 Ferraricnsi
2208 5016 2357 5074 concessis

876 5100 1052 5160 fabricatam
1075 5121 1139 5160 csse
1161 5103 1239 5160 circa
1261 5119 1372 5160 annum
1396 5103 1486 5173 1200,
1509 5105 1635 5159 annotat
1656 5100 1762 5160 Fickcr
1783 5101 1902 5159 Forsch.
1917 5121 1941 5159 z.
1955 5101 1989 5159 R.
1999 5121 2033 5166 ,a
2055 5100 2269 5177 Rechtsgesch.
2293 5102 2357 5160 ltal.

877 5187 913 5244 11.
930 5189 1001 5246 318.
1016 5206 1045 5245 n.
1061 5191 1110 5260 19,
1132 5187 1252 5245 insimul
1275 5206 1406 5260 monens,
1430 5187 1540 5244 bullam
1563 5186 1633 5245 licet
1655 5188 1760 5245 falsam
1776 5206 1836 5245 non
1858 5187 1942 5265 parvi
1958 5206 2021 5246 csse
2037 5187 2178 5245 momenti
2196 5187 2235 5245 ad
2251 5207 2357 5266 cogno-

793 5349 795 5360 *
877 5272 986 5331 scends
1008 5274 1125 5352 imperii
1146 5277 1177 5332 ct
1199 5273 1341 5332 ecclesiae
1356 5274 1422 5332 iura
1436 5273 1467 5330 in
1483 5271 1602 5332 civitate
1618 5272 1822 5347 Ferrariensi.)
1837 5306 1880 5316 —
1894 5273 1996 5348 „Exiit
2017 5272 2147 5334 edictum
2162 5273 2358 5335 Romanum“.

794 5401 797 5596 l
1415 5447 1450 5454 ‚„
1470 5437 1754 5454 -..-,-..-„.„---„

1497 5589 1502 5597 .
