4852 6382
346 399 419 472 744

358 745 426 804 Mai.
456 748 504 804 28.

585 743 697 802 Romae

1066 355 1348 492 Supplementum
1376 399 1595 492 regestorum.

754 575 757 611 l

775 637 863 703 834.

754 791 757 816 ,
793 745 948 803 Hittonem
971 745 1009 803 ad
1031 763 1097 804 sese
1119 727 1224 804 evocat
1245 749 1349 820 ‚,sexta
1372 743 1437 803 die“
1459 749 1527 822 post
1548 744 1612 803 eius
1635 745 1805 803 adventum.
1848 741 1926 802 Vide
1947 742 2094 802 Translat.
2116 741 2163 802 SS.
2184 742 2275 804 Alex.
2291 747 2321 801 et

754 823 756 930 ς
791 889 793 894 ,
836 832 909 889 lust.
931 831 950 890 l.
972 832 991 890 l.
1036 831 1221 906 (Notandum
1254 835 1307 905 est,
1338 831 1369 888 in
1401 830 1517 889 Notitia
1547 831 1691 889 ecclesiae
1717 830 1926 906 Frisingcnsis‚
1957 849 2018 907 qua
2044 848 2116 890 usus
2143 834 2189 888 ast
2216 829 2320 887 Euald

754 935 756 952 ’
836 936 927 994 supra
948 938 975 996 p.
992 919 1063 992 326,
1085 917 1240 976 Hittouem
1263 918 1312 976 die
1336 923 1363 975 1.
1386 916 1439 974 lul.
1463 916 1604 993 reliquias
1627 936 1646 976 a
1667 935 1746 995 papa
1768 917 1933 974 obtinuisse
1955 915 2029 992 legi;
2056 914 2227 974 Translatio
2251 933 2320 973 vero

754 1043 755 1090 ,
836 1001 883 1061 SS.
907 1004 993 1062 Alex.
1016 1009 1046 1062 et
1068 1005 1139 1062 Iust.
1158 1004 1314 1062 Hittonem
1337 1003 1385 1060 die
1408 1005 1458 1062 30.
1473 1003 1544 1060 Maii
1568 1003 1692 1061 Romam
1716 1021 1780 1061 cum
1805 1003 1939 1079 reliquiis
1961 1003 2128 1061 deseruisse
2150 1001 2278 1076 narrat.)

1377 1242 1717 1248 m„

770 1528 991 1595 844—847.

793 1653 908 1712 roasa
929 1651 1121 1711 *Mouastarii
1144 1654 1415 1728 Ambroniacensis,
1438 1674 1458 1713 a
1479 1654 1506 1715 S.
1520 1655 1674 1714 Baruardo
1698 1655 1824 1729 fundati,
1847 1655 2017 1713 libertatem
2039 1652 2203 1712 confirmat.
2241 1652 2320 1711 Vide

834 1740 944 1883 hqongs
967 1740 1019 1797 IX.
1041 1739 1152 1797 bullam
1176 1759 1223 1817 ap.
1246 1739 1365 1818 Maroboi
1388 1741 1625 1820 Reproductions
1648 1743 1785 1819 photogr.
1807 1742 1866 1800 tab.
1889 1742 1913 1814 Ι,
1944 1739 2221 1816 Pfluglr·Harttung
2243 1740 2321 1796 Acta

1156 1361 1161 1374 ¹
1216 1423 1566 1509 ssuurusu.
1621 1415 1908 1508 sos-ssu·

1296 2165 1410 2247 LEO
1437 2165 1509 2246 IV.
1564 2164 1799 2246 stt-sao.

771 2268 865 2334 ante
889 2267 979 2334 850.

793 2392 906 2452 accae
937 2392 1016 2466 *„0b
1038 2390 1235 2452 reverentiam
1267 2393 1463 2471 imperatricis
1491 2394 1719 2469 (lrmengardis)
1751 2399 1780 2452 et
1807 2392 1994 2470 imperatoris
2020 2391 2161 2450 Lodouici
2189 2391 2243 2448 lilii
2273 2392 2321 2449 sui

765 2549 767 2552 Ι
835 2478 1009 2537 coenobium
1032 2480 1222 2539 Ersteinense
1244 2479 1358 2538 dotavit
1379 2479 1481 2538 multis
1503 2485 1534 2539 et
1560 2481 1677 2556 magnis
1699 2479 1841 2556 reliquiis,
1869 2479 1990 2537 mittens
2013 2497 2066 2555 per
2087 2478 2320 2555 apocrisiarium

834 2583 921 2622 suum
942 2565 1050 2643 Ioseph
1074 2567 1258 2643 (episcopum
1281 2566 1516 2643 lporegiensem)
1544 2572 1633 2643 caput
1659 2567 1686 2623 S.
1709 2565 1857 2624 Caeciliae
1885 2565 2026 2641 virginis“
2049 2571 2104 2622 cet.
2148 2563 2320 2621 Hermanni

835 2650 982 2728 Gygantis
1009 2652 1060 2726 (al.
1087 2652 1253 2725 Minoritae,
1285 2652 1321 2710 al.
1348 2653 1517 2727 lanuensis)
1545 2653 1646 2711 Flores
1678 2657 1844 2729 temporum
1867 2651 1912 2710 ed.
1940 2650 2100 2710 Meuschen
2122 2669 2150 2727 p.
2175 2652 2225 2708 86.
2274 2649 2319 2707 ct.

835 2737 989 2796 Diimmler
1009 2738 1100 2797 Ostfr.
1123 2737 1228 2796 Gesch.
1252 2739 1279 2797 2.
1301 2738 1378 2796 Aufl.
1401 2740 1423 2797 I.
1447 2740 1518 2798 307.
1541 2757 1569 2796 n.
1594 2745 1620 2797 1.

770 2869 988 2938 sor-855.

793 2996 906 3054 nouae
928 2995 1128 3054 *Mouasterio
1150 2995 1312 3054 Sarlatensi
1336 2997 1525 3073 privilegium
1548 2997 1608 3070 dat,
1630 2996 1791 3074 prohibens
1814 3014 1851 3053 no
1874 2996 1939 3072 quis
1960 2995 2024 3053 eius
2046 2993 2254 3067 „dominatum
2278 2994 2322 3051 in-

835 3081 943 3139 vadere
966 3088 1018 3140 aut
1039 3100 1086 3139 res
1103 3081 1251 3140 ullatenus
1267 3082 1404 3159 diripere,
1427 3083 1561 3140 minuere
1578 3082 1623 3140 vel
1640 3083 1772 3140 alienare
1787 3082 1922 3139 audeat“.
1959 3079 2035 3138 Vide
2051 3080 2151 3138 Vitam
2172 3080 2200 3138 S.
2217 3079 2322 3138 Sacer-

834 3167 911 3225 dotis
934 3167 972 3225 ab
993 3168 1122 3244 Hugone
1146 3169 1270 3227 Floriac.
1293 3169 1490 3246 conscriptam
1513 3188 1536 3227 c.
1559 3170 1587 3227 4.
1609 3168 1629 3244 ξ
1653 3170 1693 3226 25
1718 3169 1746 3225 in
1771 3168 1834 3226 Act.
1858 3166 1904 3226 SS.
1926 3166 1997 3224 Maii
2021 3166 2059 3224 Π.
2083 3169 2132 3225 18.

1142 3590 1532 3674 unuuolurus
1560 3591 1644 3672 Ill.
1699 3588 1935 3670 too—858.

768 3695 982 3761 sss-sss.

792 3821 904 3879 rotro
931 3819 1053 3878 Litteris
1076 3820 1112 3878 ad
1136 3821 1295 3880 Rataldum
1320 3821 1490 3898 episcopum
1512 3818 1823 3896 (Argentoratensem)
1845 3818 1958 3890 statuit,
1983 3822 2015 3875 ut
2036 3816 2125 3874 homo
2147 3816 2214 3874 eius
2236 3817 2319 3875 dioe-

833 3905 916 3978 cesis,
939 3907 990 3983 qui
1012 3906 1201 3983 patricidium
1224 3900 1448 3986 perpetraverit,
1476 3925 1530 3984 per
1552 3905 1706 3964 duodecim
1734 3923 1828 3963 anuos
1851 3904 2014 3981 poeniteat:
2042 3902 2181 3960 omnibus
2209 3902 2318 3961 dicbus

833 3992 987 4069 usquead
1011 4011 1165 4070 vesperum
1188 3995 1300 4052 ieiunet
1328 3993 1460 4072 exceptis
1487 3993 1591 4050 diebus
1620 3991 1702 4050 sestis
1731 3997 1821 4067 atquo
1849 3990 2004 4048 dominicis
2032 3995 2062 4046 et
2084 3989 2198 4065 pascha
2220 4008 2318 4066 usque

833 4079 871 4136 ad
899 4085 1102 4156 pentecostem
1131 4097 1184 4157 per
1211 4080 1448 4157 quinquennium
1476 4079 1631 4137 ecclesiam
1658 4097 1718 4135 nou
1746 4077 1845 4148 intret,
1873 4094 1928 4134 nec
1955 4094 2008 4153 per
2031 4075 2215 4132 novennium
2239 4094 2318 4132 com-

833 4165 971 4224 municet.
1015 4165 1045 4222 Si
1073 4183 1144 4224 vero
1172 4173 1241 4225 ante
1270 4173 1385 4242 tempus
1411 4165 1607 4223 constitutum
1628 4164 1695 4221 finis
1722 4163 1802 4221 vitae
1826 4162 1906 4220 illius
1929 4161 2091 4234 advenerit,
2120 4160 2265 4219 uiaticum
2289 4162 2317 4218 ei

832 4269 891 4309 nou
915 4252 1088 4326 abnegetur.
1132 4252 1234 4310 Edidit
1255 4251 1395 4310 Weiluud
1418 4251 1448 4309 in
1471 4251 1611 4309 Zeitschr.
1635 4251 1654 4308 s.
1675 4250 1831 4312 Kirchcnr.
1854 4249 1922 4306 XX.
1947 4250 2015 4322 100,
2038 4246 2318 4324 Pflugk·Harttung

832 4337 910 4394 Acta
929 4337 982 4395 ΙΙΙ.
999 4341 1026 4396 3.
1048 4371 1090 4379 —
1112 4339 1207 4412 „Dum
1230 4337 1267 4396 de
1290 4338 1454 4397 univorso“.

791 4419 903 4504 aotrfl
933 4422 1090 4498 Salomoni,
1123 4424 1261 4502 episcopo
1283 4423 1512 4496 constantiensi,
1544 4421 1648 4480 scribit
1674 4421 1711 4479 de
1734 4418 2130 4499 poenitentiainiungeuda
2156 4419 2231 4491 viro,
2265 4418 2316 4494 qui

833 4509 955 4567 fratrem
977 4528 1063 4568 suum
1086 4511 1238 4568 occiderit:
1261 4529 1338 4584 „uuo
1361 4528 1440 4568 anno
1462 4508 1540 4567 inter
1563 4508 1718 4567 audientes
1741 4506 1804 4565 sine
1827 4524 1949 4584 corpore
1972 4512 2002 4564 et
2024 4504 2170 4581 sanguine
2193 4504 2315 4562 Domini

833 4594 863 4652 in
886 4595 1018 4654 ecclesiis
1033 4601 1106 4670 oret,
1129 4597 1187 4654 uisi
1209 4597 1285 4654 forte
1301 4596 1423 4655 ultimus
1438 4596 1518 4655 vitae
1541 4595 1622 4653 illius
1638 4594 1753 4653 venerit
1771 4592 1842 4665 dies,
1866 4610 1924 4668 quo
1947 4593 1975 4650 ei
1990 4590 2158 4649 communic
2173 4590 2316 4667 neganda

832 4699 892 4740 non
914 4681 978 4755 sit“‚
1002 4685 1057 4741 cet.
1094 4683 1245 4756 Permittit
1266 4701 1345 4752 vero,
1368 4687 1402 4739 ut
1425 4699 1564 4754 „uxorem
1587 4700 1671 4739 suam
1694 4679 1820 4756 recipiat
1842 4677 1990 4754 armisque
2012 4676 2172 4753 assumptis
2196 4676 2316 4734 incedat

834 4769 1011 4845 propriaque
1042 4769 1193 4846 possideat
1222 4769 1330 4827 boua“.
1382 4767 1484 4826 Edidit
1515 4766 1655 4825 Weiland
1685 4765 1715 4822 in
1749 4763 1889 4823 Zeitschr.
1920 4764 1939 4822 l.
1967 4763 2121 4821 Kirchcnr.
2149 4762 2219 4820 XX.
2245 4764 2315 4834 101,

833 4853 1106 4932 Pfluglr·Harttung
1126 4856 1204 4913 Acta
1226 4856 1279 4912 ΙΙΙ.
1302 4858 1330 4915 4.
1355 4889 1395 4896 -
1418 4853 1577 4928 „Caritatis
1600 4858 1670 4911 tuae
1693 4851 1937 4910 fraternitatem.
2410 4865 2413 4874 ’

791 4941 899 5018 2071γ
921 4941 1122 5000 *Frotmuudo
1139 4942 1233 4999 nobili
1249 4941 1312 4999 viro
1328 4941 1451 5016 eiusque
1474 4939 1624 5011 fratribus,
1647 4937 1850 5016 poenitentiae
1873 4954 1963 4994 causa
1984 4935 2015 4992 in
2033 4934 2155 4993 Terram
2179 4939 2314 4992 sancum

833 5026 1100 5103 peregrinantibus
1124 5027 1280 5105 epistolam
1303 5027 1363 5085 dat.
1407 5026 1482 5084 Vide
1505 5025 1597 5084 (leste
1619 5023 1806 5083 Conwoiouis
1829 5022 1947 5081 abbatis
1970 5021 2002 5079 L.
2025 5021 2078 5078 ΠΙ.
2101 5039 2125 5079 c.
2150 5022 2169 5077 8
2193 5021 2225 5077 io
2249 5019 2315 5077 MG.
