4852 6382
807 378 1089 470 sopprementun
1119 381 1336 471 regestorum.

89 507 2060 548 Μ

900 797 1279 886 nummulus
1308 803 1380 887 IV.
1436 803 1680 898 domme.

514 909 731 975 eos-615.

536 1037 649 1094 2002oe
671 1033 797 1091 *Tribus
819 1033 973 1111 episcopis,
996 1032 1046 1108 qui
1071 1031 1233 1090 Iohannem
1256 1032 1395 1090 abbatem
1411 1051 1430 1090 c
1444 1032 1560 1091 Gisulfo
1576 1033 1651 1091 duce
1667 1033 1872 1106 (Foroiulano)
1889 1033 2058 1110 episcopum

577 1119 811 1178 Foroiuliensem
843 1119 1013 1176 institutum
1041 1123 1295 1191 consecraverant,
1328 1118 1438 1190 scribit,
1470 1123 1504 1176 ut
1531 1119 1719 1196 patriarchae
1747 1119 1894 1177 Gradensi
1917 1138 1948 1177 se
1975 1120 2058 1192 „sub-

576 1206 707 1282 iugent“.
751 1205 827 1264 Vide
849 1204 958 1264 Chron.
981 1204 1140 1282 patriarch.
1163 1203 1253 1263 Grad.
1276 1203 1306 1261 in
1329 1203 1395 1263 MG.
1418 1205 1466 1264 SS.
1488 1204 1557 1263 Rer.
1578 1204 1712 1282 Langob.
1735 1225 1762 1283 p.
1786 1205 1857 1265 394.

498 1781 499 1784 κ
949 1701 1323 1813 unusu'mur.
1379 1729 1617 1811 ere-ere.

510 1836 715 1904 ele-618.
868 1843 873 1852 ’
1245 1849 1254 1862 “

509 1963 649 2031 ῒ2004α
672 1961 830 2019 Decretum
853 1959 889 2026 de
913 1958 1057 2017 electione
1072 1957 1199 2015 Romani
1223 1956 1370 2033 pontificis
1393 1956 1488 2030 „Quia
1503 1961 1606 2015 sancte
1620 1956 1781 2028 Romana“,
1804 1957 1883 2033 quod
1899 1956 2056 2014 aWidone

575 2046 799 2123 osnabrugensi
828 2046 907 2122 apud
933 2045 1012 2103 datie
1035 2043 1111 2101 Bibl.
1133 2043 1169 2101 V.
1193 2044 1254 2101 336
1283 2042 1447 2101 Deusdedit
1474 2061 1569 2119 papae
1591 2044 1751 2101 ascribitur
1775 2045 1826 2120 (ex
1850 2043 1933 2101 ouius
1956 2048 2055 2100 aucto·

575 2133 663 2190 ritate
679 2151 725 2209 ap.
739 2131 841 2208 Migne
858 2133 898 2188 80
913 2151 941 2208 p.
958 2129 1035 2204 361)
1058 2148 1093 2188 ac
1115 2129 1153 2187 ab
1176 2129 1267 2186 Ivone
1283 2128 1459 2187 Carnotenei
1475 2129 1603 2205 aliisque
1621 2129 1772 2206 Stephano
1794 2148 1890 2207 papae
1906 2128 2054 2201 tribuitur,

575 2218 741 2277 elohanne
756 2218 809 2275 ΙΧ.
832 2222 953 2275 auctore
980 2216 1144 2294 profectum
1169 2220 1222 2274 est.
1259 2214 1398 2272 Weilend
1422 2215 1452 2272 in
1475 2214 1616 2274 Zeitochr.
1639 2215 1658 2275 f.
1681 2215 1835 2274 Kirchenr.
1856 2215 1940 2273 XIX.
1956 2215 1996 2273 85
2012 2232 2054 2290 sq.

574 2337 615 2346 -
638 2305 733 2378 „Quia
755 2309 859 2362 sancta
881 2303 1042 2362 Romcua“.

508 2936 583 3001 641
925 2827 1234 2911 lttlthNllS
1262 2828 1333 2908 lu.
1388 2825 1631 2908 teo-642.

531 3061 644 3118 uorsa
666 3056 862 3116 Constantino
891 3058 1063 3135 imperatori
1091 3056 1202 3132 scribit,
1233 3057 1418 3134 praecepisse
1445 3074 1486 3130 se,
1517 3061 1568 3128 „ut
1594 3055 1726 3132 Pyrrhus
1753 3054 2051 3134 Constantinopoleos

573 3144 742 3220 patriarcha
765 3144 855 3202 sacris
878 3144 1043 3202 canonibus
1064 3144 1294 3220 obtemperaret,
1317 3161 1390 3218 quos
1413 3147 1483 3200 tunc
1505 3142 1653 3216 violasset,
1676 3160 1743 3200 cum
1765 3141 1882 3218 flagitio
1903 3141 1955 3199 ille
1977 3142 2009 3216 (i.
2025 3161 2050 3201 o.
2109 3209 2112 3214 ¹

447 3283 449 3288 s
571 3229 703 3289 Heraclii
726 3231 854 3304 errores)
877 3248 936 3287 non
959 3230 1054 3288 solum
1077 3229 1197 3307 proprie
1219 3229 1404 3288 consessione
1427 3228 1640 3305 comprobaret,
1667 3228 1728 3301 sed,
1755 3228 1834 3304 quod
1856 3228 1941 3306 peius
1963 3234 2050 3302 esset,

572 3316 689 3394 scriptis
713 3316 774 3374 suis
796 3333 831 3373 ec
858 3316 1053 3374 testimoniet
1097 3316 1211 3388 lubeat,
1238 3321 1289 3388 „ut
1315 3315 1458 3394 scriptum
1487 3313 1720 3373 chalcedonensi
1749 3313 1874 3372 concilio
1901 3314 2049 3373 adiectum

509 3453 510 3456 ,
570 3408 601 3461 ct
621 3402 679 3480 ipsi
702 3401 826 3461 concilio
848 3421 998 3479 sanaeque
1021 3401 1173 3460 doctrinae
1195 3402 1385 3475 contrarium,
1408 3401 1487 3477 quod
1509 3400 1558 3459 isti
1581 3419 1666 3458 muro
1688 3399 1812 3458 infixum
1836 3405 1866 3459 et
1883 3400 1952 3458 fidei
1967 3400 2051 3459 volu·

570 3489 641 3546 mini
669 3507 832 3565 appensum
861 3489 1076 3565 proposuerint,
1108 3493 1296 3547 removeatur
1323 3493 1353 3545 et
1380 3487 1506 3546 flammis
1537 3485 1698 3545 trecarum.
1750 3485 1884 3560 Miretur,
1917 3487 2048 3560 „nullum

568 3574 712 3633 hactenus
734 3594 753 3633 a
774 3575 931 3632 maiestate
954 3575 1100 3652 imperiali
1122 3574 1236 3644 editum
1265 3573 1356 3632 suisse
1378 3573 1529 3632 decretum
1552 3572 1695 3631 adversus
1717 3572 1823 3632 harum
1846 3571 2048 3630 doctrinarum

569 3659 738 3718 falsitatem.
783 3660 957 3737 Optassem“
984 3660 1082 3737 inquit
1110 3661 1248 3737 „insuper
1274 3678 1293 3717 c
1316 3660 1426 3737 pictate
1454 3663 1554 3717 vestro
1576 3659 1643 3716 illos
1668 3657 1783 3736 protegi
1807 3659 1968 3736 episcopos,
1997 3658 2047 3735 qui
2108 3717 2110 3722 ,

568 3746 721 3805 uobiscum
753 3747 874 3805 fratrem
907 3753 1040 3804 nostrum
1071 3746 1197 3805 Paulum
1211 3737 1213 3742 ’
1229 3747 1473 3804 constitueruut‘t
1526 3745 1704 3822 (Epistulam
1735 3743 1825 3816 hanc,
1857 3745 1895 3802 ab
1926 3745 2048 3803 Ewaldo

568 3838 677 3906 nostro,
700 3832 877 3905 Duchesnio,
905 3833 1068 3910 Langenio‚
1095 3833 1161 3890 aliis
1184 3833 1359 3909 neglectam,
1388 3831 1472 3909 quasi
1495 3850 1534 3888 ex
1560 3831 1638 3888 mole
1660 3830 1763 3888 Norae
1791 3834 1909 3907 patrum
1937 3830 2046 3888 Biblio-

484 3941 485 3952 ¹
569 3919 672 3977 theeeo
695 3918 772 3976 eruit
795 3919 878 3977 Pitra
902 3918 986 3977 hnol.
1010 3937 1076 3976 nor.
1100 3919 1175 3995 Spic.
1198 3919 1319 3976 Solesm.
1341 3918 1364 3977 l.
1381 3923 1429 3991 81,
1452 3924 1486 3976 ut
1508 3921 1595 3993 grato
1616 3903 1844 3975 animo'fateor.
1888 3916 2047 3994 Inscriptio

566 4005 710 4082 epistolae
733 4005 806 4062 haec
829 4010 887 4063 est:
915 4005 1081 4078 „coronato
1104 4005 1269 4063 orthodoxo
1292 4003 1464 4081 imperatori
1486 4002 1683 4062 Constantino
1705 4002 1911 4071 Theodorus
1935 4003 2046 4061 Romae

566 4091 762 4169 patrierchc“,
790 4109 829 4148 ex
851 4109 910 4166 quo
932 4091 991 4150 leri
1014 4097 1183 4149 correctura
1205 4090 1265 4148 Mai
1288 4091 1359 4148 lecit
1381 4089 1572 4163 „Constanti“
1595 4089 1669 4165 (ΙΙ.),
1698 4089 1747 4165 qui
1770 4107 1872 4146 mense
1895 4088 1960 4147 Oct.
1984 4092 2042 4148 641

566 4177 794 4236 Constantinum
817 4177 963 4236 deiectum
987 4182 1105 4235 secutus
1120 4181 1173 4250 est,
1197 4177 1335 4254 idemque
1351 4177 1447 4234 editor
1470 4175 1625 4253 epistolam
1648 4174 1758 4233 hebere
1781 4193 1944 4250 magnam
1959 4194 2046 4251 argu·

565 4264 657 4322 menti
680 4263 905 4321 similitudinem
928 4264 998 4321 dicit
1017 4282 1082 4320 cum
1106 4283 1171 4340 epp.
1188 4264 1279 4321 2049.
1296 4264 1391 4334 2050;
1415 4261 1494 4338 quod
1517 4261 1654 4338 equidem
1677 4260 1803 4338 probare
1825 4277 1950 4337 nequem
1987 4262 2046 4319 Res

564 4350 671 4426 potius,
700 4368 776 4426 quac
805 4349 835 4406 iu
863 4349 989 4427 epistole
1015 4355 1183 4421 narrantur,
1210 4350 1369 4408 convenire
1397 4348 1537 4406 videntur
1559 4366 1625 4405 cum
1648 4347 1844 4405 Constantino
1866 4346 2045 4424 imperatore

564 4441 594 4494 et
620 4436 736 4512 Pyrrho
758 4453 776 4492 a
797 4435 867 4494 sede
893 4453 947 4494 sua
973 4437 1065 4513 pulso,
1092 4435 1224 4493 nondum
1245 4453 1316 4493 vero
1341 4435 1545 4511 sollempniter
1570 4433 1713 4511 deposito.
1756 4431 1894 4510 Suspicor
1915 4433 1986 4492 exin
2000 4434 2045 4507 de,

564 4521 703 4578 mendum
726 4521 822 4579 inesse
844 4521 875 4577 in
897 4541 969 4580 voce
990 4521 1204 4595 ,‚Theodorus“,
1225 4540 1279 4600 pro
1301 4541 1360 4598 quo
1382 4521 1530 4579 Iohannes
1545 4519 1624 4596 (IV.)
1645 4520 1764 4597 legatur
1785 4525 1910 4597 oportet.
1946 4518 2000 4579 (let
2015 4539 2044 4578 e-

488 4607 489 4610 ’
564 4626 629 4665 rum
652 4606 778 4684 epistola
799 4601 919 4665 nonnisi
940 4609 971 4665 in
994 4608 1111 4684 syriaca
1132 4607 1268 4666 versione
1290 4613 1409 4667 serrata
1424 4614 1477 4680 est,
1500 4625 1590 4683 quam
1605 4605 1636 4663 in
1658 4607 1793 4683 linguam
1807 4606 1932 4665 latinam
1948 4612 2044 4666 trans·

565 4693 716 4751 terendam
739 4693 855 4751 curavit
876 4692 995 4768 Maius.)
1038 4693 1099 4752 mai
1125 4693 1212 4752 Nora
1234 4699 1309 4772 petr.
1332 4693 1402 4778 bibl
1426 4692 1477 4750 Vl.
1500 4693 1575 4752 510.¹
1601 4725 1643 4736 -
1675 4691 1941 4768 „Quandoquidem
1961 4693 2044 4751 Deus

564 4779 779 4857 omnipoteus“.

499 4911 716 4977 ecl-642.

498 5035 636 5103 worse
657 5035 828 5094 *Bonifatio
850 5035 1018 5112 primicerio
1042 5037 1224 5096 notariorum
1248 5036 1378 5108 mandet,
1401 5043 1434 5095 ut
1457 5042 1565 5113 „quota
1587 5036 1659 5095 luna
1678 5036 1717 5094 sit
1738 5035 1797 5094 diei
1820 5036 1888 5094 festi
1911 5036 2041 5115 paschali

563 5122 695 5198 inquirat
717 5128 747 5180 et
774 5121 918 5180 rationem
947 5122 989 5180 rei
1019 5123 1106 5181 huius
1130 5123 1260 5181 breviter
1287 5123 1429 5181 intimet“.
1482 5122 1616 5199 Epistola
1643 5123 1724 5193 hoec,
1755 5123 1837 5181 cuius
1859 5123 2041 5181 mentionem

563 5209 635 5266 facit
661 5209 838 5284 Exemplum
856 5207 1060 5284 suggestionis
1087 5229 1133 5286 ap.
1156 5209 1239 5267 Pitre
1262 5209 1348 5267 Anal.
1375 5228 1442 5268 nov.
1464 5209 1539 5285 Spic.
1562 5209 1683 5267 Solesm.
1705 5209 1727 5267 Ι.
1751 5211 1823 5281 466,
1851 5209 1981 5286 pertinet
2002 5208 2040 5266 ad

480 5300 481 5322 ¹
563 5295 726 5354 Iohannem
749 5294 772 5352 l.
795 5301 825 5353 et
847 5313 937 5371 supra
959 5313 1013 5353 suo
1035 5295 1100 5354 loco
1123 5300 1227 5354 notate
1249 5301 1303 5353 est.

1098 5481 1436 5489 -..-.——.—..—..—.—-,
