<?xml version="1.0" encoding="UTF-8"?>
<!DOCTYPE html PUBLIC "-//W3C//DTD XHTML 1.0 Transitional//EN"
    "http://www.w3.org/TR/xhtml1/DTD/xhtml1-transitional.dtd">
<html xmlns="http://www.w3.org/1999/xhtml" xml:lang="en" lang="en">
 <head>
  <title>
</title>
<meta http-equiv="Content-Type" content="text/html;charset=utf-8" />
  <meta name='ocr-system' content='tesseract 3.04.00' />
  <meta name='ocr-capabilities' content='ocr_page ocr_carea ocr_par ocr_line ocrx_word'/>
</head>
<body>
  <div class='ocr_page' id='page_1' title='image "./regestapontific00jaffgoog_0583.png"; bbox 0 0 4912 6382; ppageno 0'>
   <div class='ocr_carea' id='block_1_1' title="bbox 768 394 2071 470">
    <p class='ocr_par' dir='ltr' id='par_1_1' title="bbox 768 394 2071 470">
     <span class='ocr_line' id='line_1_1' title="bbox 768 394 2071 470; baseline -0.004 -1"><span class='ocrx_word' id='word_1_1' title='bbox 768 397 978 470; x_wconf 76' lang='lat' dir='ltr'><strong>CLEMENS</strong></span> <span class='ocrx_word' id='word_1_2' title='bbox 1005 396 1073 468; x_wconf 93' lang='lat' dir='ltr'><strong>III.</strong></span> <span class='ocrx_word' id='word_1_3' title='bbox 1130 395 1392 467; x_wconf 88' lang='grc'>1187-1191.</span> <span class='ocrx_word' id='word_1_4' title='bbox 2000 394 2071 465; x_wconf 87' lang='grc'>573</span> 
     </span>
    </p>
   </div>
   <div class='ocr_carea' id='block_1_2' title="bbox 529 636 762 704">
    <p class='ocr_par' dir='ltr' id='par_1_2' title="bbox 529 636 762 704">
     <span class='ocr_line' id='line_1_2' title="bbox 529 636 762 704; baseline -0.013 0"><span class='ocrx_word' id='word_1_5' title='bbox 529 636 762 704; x_wconf 86' lang='grc'>1187-1191.</span> 
     </span>
    </p>
   </div>
   <div class='ocr_carea' id='block_1_3' title="bbox 591 737 2072 908">
    <p class='ocr_par' dir='ltr' id='par_1_3' title="bbox 591 737 2072 908">
     <span class='ocr_line' id='line_1_3' title="bbox 591 737 2072 817; baseline -0.003 -15"><span class='ocrx_word' id='word_1_6' title='bbox 591 762 656 802; x_wconf 87' lang='grc'>5555</span> <span class='ocrx_word' id='word_1_7' title='bbox 678 742 784 816; x_wconf 85' lang='grc'>55155).</span> <span class='ocrx_word' id='word_1_8' title='bbox 828 740 928 817; x_wconf 85' lang='lat' dir='ltr'><strong>Comp.</strong></span> <span class='ocrx_word' id='word_1_9' title='bbox 951 739 990 798; x_wconf 90' lang='lat' dir='ltr'>H.</span> <span class='ocrx_word' id='word_1_10' title='bbox 1012 739 1045 797; x_wconf 91' lang='lat' dir='ltr'>L.</span> <span class='ocrx_word' id='word_1_11' title='bbox 1069 740 1097 797; x_wconf 92' lang='grc'>2.</span> <span class='ocrx_word' id='word_1_12' title='bbox 1120 744 1140 797; x_wconf 91' lang='grc'>1.</span> <span class='ocrx_word' id='word_1_13' title='bbox 1165 743 1213 798; x_wconf 93' lang='lat'>10.</span> <span class='ocrx_word' id='word_1_14' title='bbox 1235 757 1259 796; x_wconf 86' lang='lat' dir='ltr'><strong>c.</strong></span> <span class='ocrx_word' id='word_1_15' title='bbox 1283 739 1314 812; x_wconf 89' lang='lat'>3,</span> <span class='ocrx_word' id='word_1_16' title='bbox 1337 737 1422 796; x_wconf 87' lang='lat' dir='ltr'>Decr.</span> <span class='ocrx_word' id='word_1_17' title='bbox 1446 737 1535 814; x_wconf 83' lang='lat' dir='ltr'>Greg.</span> <span class='ocrx_word' id='word_1_18' title='bbox 1558 738 1590 796; x_wconf 91' lang='lat' dir='ltr'>L.</span> <span class='ocrx_word' id='word_1_19' title='bbox 1613 738 1651 796; x_wconf 91' lang='lat'>11.</span> <span class='ocrx_word' id='word_1_20' title='bbox 1674 742 1695 795; x_wconf 92' lang='lat' dir='ltr'><strong>t.</strong></span> <span class='ocrx_word' id='word_1_21' title='bbox 1720 738 1767 797; x_wconf 85' lang='lat'>19.</span> <span class='ocrx_word' id='word_1_22' title='bbox 1791 757 1815 797; x_wconf 89' lang='lat' dir='ltr'><strong>c.</strong></span> <span class='ocrx_word' id='word_1_23' title='bbox 1838 739 1868 798; x_wconf 88' lang='grc'>5.</span> <span class='ocrx_word' id='word_1_24' title='bbox 1890 771 1932 780; x_wconf 97' lang='grc'>-</span> <span class='ocrx_word' id='word_1_25' title='bbox 1954 737 2072 813; x_wconf 80' lang='lat' dir='ltr'>„Tertio</span> 
     </span>
     <span class='ocr_line' id='line_1_4' title="bbox 592 823 1468 908; baseline -0.006 -21"><span class='ocrx_word' id='word_1_26' title='bbox 592 830 702 908; x_wconf 88' lang='lat' dir='ltr'>quippe</span> <span class='ocrx_word' id='word_1_27' title='bbox 724 829 759 886; x_wconf 86' lang='lat' dir='ltr'>a“</span> <span class='ocrx_word' id='word_1_28' title='bbox 781 826 899 900; x_wconf 78' lang='lat' dir='ltr'>„Tertio</span> <span class='ocrx_word' id='word_1_29' title='bbox 922 827 1031 904; x_wconf 90' lang='lat' dir='ltr'>quippe</span> <span class='ocrx_word' id='word_1_30' title='bbox 1053 825 1136 884; x_wconf 91' lang='lat' dir='ltr'>loco“</span> <span class='ocrx_word' id='word_1_31' title='bbox 1159 824 1276 899; x_wconf 83' lang='lat' dir='ltr'>„Tertio</span> <span class='ocrx_word' id='word_1_32' title='bbox 1297 823 1362 883; x_wconf 89' lang='lat' dir='ltr'>loeo</span> <span class='ocrx_word' id='word_1_33' title='bbox 1385 823 1468 882; x_wconf 75' lang='lat' dir='ltr'>fuic‘.</span> 
     </span>
    </p>
   </div>
   <div class='ocr_carea' id='block_1_4' title="bbox 552 926 2074 1268">
    <p class='ocr_par' dir='ltr' id='par_1_4' title="bbox 552 926 2074 1268">
     <span class='ocr_line' id='line_1_5' title="bbox 552 926 2071 1007; baseline -0.003 -16"><span class='ocrx_word' id='word_1_34' title='bbox 552 935 653 993; x_wconf 91' lang='grc'>16629</span> <span class='ocrx_word' id='word_1_35' title='bbox 671 932 804 1007; x_wconf 91' lang='grc'>(10262)</span> <span class='ocrx_word' id='word_1_36' title='bbox 827 929 953 988; x_wconf 82' lang='lat' dir='ltr'>Quidam</span> <span class='ocrx_word' id='word_1_37' title='bbox 976 928 1150 1007; x_wconf 82' lang='lat' dir='ltr'>respondet,</span> <span class='ocrx_word' id='word_1_38' title='bbox 1173 947 1241 986; x_wconf 91' lang='lat' dir='ltr'>cum</span> <span class='ocrx_word' id='word_1_39' title='bbox 1263 945 1351 986; x_wconf 87' lang='lat' dir='ltr'>nemo</span> <span class='ocrx_word' id='word_1_40' title='bbox 1376 926 1571 1000; x_wconf 87' lang='lat' dir='ltr'>„beneficium</span> <span class='ocrx_word' id='word_1_41' title='bbox 1593 926 1695 985; x_wconf 89' lang='lat' dir='ltr'>multis</span> <span class='ocrx_word' id='word_1_42' title='bbox 1718 927 1794 985; x_wconf 88' lang='lat' dir='ltr'>forte</span> <span class='ocrx_word' id='word_1_43' title='bbox 1816 927 1955 1004; x_wconf 79' lang='lat' dir='ltr'><strong>expensis</strong></span> <span class='ocrx_word' id='word_1_44' title='bbox 1978 933 2009 986; x_wconf 89' lang='lat' dir='ltr'>et</span> <span class='ocrx_word' id='word_1_45' title='bbox 2030 927 2071 986; x_wconf 90' lang='lat' dir='ltr'>la·</span> 
     </span>
     <span class='ocr_line' id='line_1_6' title="bbox 589 1013 2071 1093; baseline -0.003 -17"><span class='ocrx_word' id='word_1_46' title='bbox 589 1018 712 1078; x_wconf 87' lang='lat' dir='ltr'>boribus</span> <span class='ocrx_word' id='word_1_47' title='bbox 742 1015 922 1093; x_wconf 90' lang='lat' dir='ltr'>acquisitum</span> <span class='ocrx_word' id='word_1_48' title='bbox 953 1021 983 1074; x_wconf 89' lang='lat' dir='ltr'>et</span> <span class='ocrx_word' id='word_1_49' title='bbox 1014 1033 1073 1091; x_wconf 94' lang='lat' dir='ltr'>quo</span> <span class='ocrx_word' id='word_1_50' title='bbox 1104 1014 1264 1073; x_wconf 85' lang='lat' dir='ltr'>sustentari</span> <span class='ocrx_word' id='word_1_51' title='bbox 1296 1013 1399 1088; x_wconf 89' lang='lat' dir='ltr'>debet,</span> <span class='ocrx_word' id='word_1_52' title='bbox 1440 1014 1504 1072; x_wconf 91' lang='lat' dir='ltr'>sine</span> <span class='ocrx_word' id='word_1_53' title='bbox 1532 1031 1642 1089; x_wconf 87' lang='lat' dir='ltr'>magna</span> <span class='ocrx_word' id='word_1_54' title='bbox 1673 1031 1763 1070; x_wconf 89' lang='lat' dir='ltr'>causa</span> <span class='ocrx_word' id='word_1_55' title='bbox 1794 1019 1899 1092; x_wconf 88' lang='lat' dir='ltr'>sponte</span> <span class='ocrx_word' id='word_1_56' title='bbox 1931 1014 2071 1091; x_wconf 83' lang='lat' dir='ltr'>resignet,</span> 
     </span>
     <span class='ocr_line' id='line_1_7' title="bbox 591 1097 2074 1182; baseline -0.003 -20"><span class='ocrx_word' id='word_1_57' title='bbox 591 1122 808 1182; x_wconf 88' lang='lat' dir='ltr'>supervacuum</span> <span class='ocrx_word' id='word_1_58' title='bbox 836 1121 895 1161; x_wconf 87' lang='lat' dir='ltr'>non</span> <span class='ocrx_word' id='word_1_59' title='bbox 919 1120 996 1175; x_wconf 88' lang='lat' dir='ltr'>asse,</span> <span class='ocrx_word' id='word_1_60' title='bbox 1028 1119 1148 1159; x_wconf 87' lang='lat' dir='ltr'>causam</span> <span class='ocrx_word' id='word_1_61' title='bbox 1177 1100 1388 1176; x_wconf 76' lang='lat' dir='ltr'>resignationis</span> <span class='ocrx_word' id='word_1_62' title='bbox 1410 1099 1570 1176; x_wconf 85' lang='lat' dir='ltr'>diligenter</span> <span class='ocrx_word' id='word_1_63' title='bbox 1592 1099 1728 1175; x_wconf 73' lang='lat' dir='ltr'>inquiri‘.</span> <span class='ocrx_word' id='word_1_64' title='bbox 1773 1097 1830 1175; x_wconf 80' lang='lat' dir='ltr'><strong>(Of.</strong></span> <span class='ocrx_word' id='word_1_65' title='bbox 1852 1104 1954 1158; x_wconf 91' lang='lat' dir='ltr'>notam</span> <span class='ocrx_word' id='word_1_66' title='bbox 1976 1119 2074 1158; x_wconf 90' lang='lat' dir='ltr'>meam</span> 
     </span>
     <span class='ocr_line' id='line_1_8' title="bbox 591 1184 2072 1268; baseline -0.003 -20"><span class='ocrx_word' id='word_1_67' title='bbox 591 1190 629 1248; x_wconf 93' lang='lat' dir='ltr'>ad</span> <span class='ocrx_word' id='word_1_68' title='bbox 652 1210 697 1268; x_wconf 90' lang='lat' dir='ltr'><strong>ep.</strong></span> <span class='ocrx_word' id='word_1_69' title='bbox 723 1189 850 1264; x_wconf 91' lang='grc'>14177).</span> <span class='ocrx_word' id='word_1_70' title='bbox 880 1188 956 1266; x_wconf 82' lang='lat' dir='ltr'><strong>App.</strong></span> <span class='ocrx_word' id='word_1_71' title='bbox 979 1206 1060 1246; x_wconf 93' lang='lat' dir='ltr'>cone.</span> <span class='ocrx_word' id='word_1_72' title='bbox 1075 1186 1140 1244; x_wconf 91' lang='lat' dir='ltr'>Lat.</span> <span class='ocrx_word' id='word_1_73' title='bbox 1155 1186 1265 1244; x_wconf 86' lang='lat' dir='ltr'>XLIX.</span> <span class='ocrx_word' id='word_1_74' title='bbox 1282 1189 1308 1258; x_wconf 82' lang='lat'>9,</span> <span class='ocrx_word' id='word_1_75' title='bbox 1332 1186 1398 1261; x_wconf 92' lang='lat' dir='ltr'>(ubi</span> <span class='ocrx_word' id='word_1_76' title='bbox 1418 1185 1521 1244; x_wconf 79' lang='lat' dir='ltr'>&#39;tamen</span> <span class='ocrx_word' id='word_1_77' title='bbox 1544 1184 1604 1244; x_wconf 88' lang='lat' dir='ltr'>alia</span> <span class='ocrx_word' id='word_1_78' title='bbox 1626 1184 1783 1244; x_wconf 88' lang='lat' dir='ltr'>decretalis</span> <span class='ocrx_word' id='word_1_79' title='bbox 1806 1203 1883 1264; x_wconf 86' lang='lat' dir='ltr'>pars,</span> <span class='ocrx_word' id='word_1_80' title='bbox 1905 1185 1976 1244; x_wconf 90' lang='lat' dir='ltr'>ibid.</span> <span class='ocrx_word' id='word_1_81' title='bbox 1998 1205 2022 1245; x_wconf 91' lang='grc'>5.</span> <span class='ocrx_word' id='word_1_82' title='bbox 2046 1188 2072 1260; x_wconf 94' lang='grc'>7,</span> 
     </span>
    </p>
   </div>
   <div class='ocr_carea' id='block_1_5' title="bbox 591 1269 2072 1438">
    <p class='ocr_par' dir='ltr' id='par_1_5' title="bbox 591 1269 2072 1438">
     <span class='ocr_line' id='line_1_9' title="bbox 591 1269 2072 1350; baseline -0.002 -17"><span class='ocrx_word' id='word_1_83' title='bbox 591 1276 682 1335; x_wconf 88' lang='lat' dir='ltr'>Lucio</span> <span class='ocrx_word' id='word_1_84' title='bbox 705 1274 760 1334; x_wconf 92' lang='lat' dir='ltr'><strong>III.</strong></span> <span class='ocrx_word' id='word_1_85' title='bbox 788 1274 973 1348; x_wconf 82' lang='lat' dir='ltr'>ascribitur),</span> <span class='ocrx_word' id='word_1_86' title='bbox 1005 1273 1107 1350; x_wconf 84' lang='lat' dir='ltr'><strong>Comp.</strong></span> <span class='ocrx_word' id='word_1_87' title='bbox 1129 1272 1167 1329; x_wconf 94' lang='grc' dir='ltr'>Π.</span> <span class='ocrx_word' id='word_1_88' title='bbox 1190 1271 1222 1331; x_wconf 90' lang='lat' dir='ltr'>L.</span> <span class='ocrx_word' id='word_1_89' title='bbox 1248 1277 1274 1331; x_wconf 91' lang='lat'>1.</span> <span class='ocrx_word' id='word_1_90' title='bbox 1297 1277 1317 1330; x_wconf 93' lang='lat' dir='ltr'><strong>t.</strong></span> <span class='ocrx_word' id='word_1_91' title='bbox 1342 1273 1369 1330; x_wconf 86' lang='lat'>5.</span> <span class='ocrx_word' id='word_1_92' title='bbox 1392 1290 1416 1330; x_wconf 92' lang='lat' dir='ltr'><strong>c.</strong></span> <span class='ocrx_word' id='word_1_93' title='bbox 1440 1275 1471 1346; x_wconf 90' lang='lat'>3,</span> <span class='ocrx_word' id='word_1_94' title='bbox 1504 1271 1588 1330; x_wconf 89' lang='lat' dir='ltr'>Decr.</span> <span class='ocrx_word' id='word_1_95' title='bbox 1611 1269 1700 1347; x_wconf 83' lang='lat' dir='ltr'><strong>Greg.</strong></span> <span class='ocrx_word' id='word_1_96' title='bbox 1723 1270 1756 1329; x_wconf 91' lang='lat' dir='ltr'>L.</span> <span class='ocrx_word' id='word_1_97' title='bbox 1779 1271 1802 1330; x_wconf 95' lang='lat' dir='ltr'>I.</span> <span class='ocrx_word' id='word_1_98' title='bbox 1826 1275 1846 1330; x_wconf 92' lang='lat' dir='ltr'><strong>t.</strong></span> <span class='ocrx_word' id='word_1_99' title='bbox 1871 1274 1898 1331; x_wconf 93' lang='grc'>9.</span> <span class='ocrx_word' id='word_1_100' title='bbox 1921 1291 1945 1330; x_wconf 90' lang='grc'>5.</span> <span class='ocrx_word' id='word_1_101' title='bbox 1969 1273 1996 1330; x_wconf 90' lang='grc'>5.</span> <span class='ocrx_word' id='word_1_102' title='bbox 2031 1308 2072 1316; x_wconf 97' lang='grc'>--</span> 
     </span>
     <span class='ocr_line' id='line_1_10' title="bbox 592 1357 1708 1438; baseline -0.005 -17"><span class='ocrx_word' id='word_1_103' title='bbox 592 1361 757 1436; x_wconf 84' lang='lat' dir='ltr'>„Quoniam</span> <span class='ocrx_word' id='word_1_104' title='bbox 780 1379 819 1419; x_wconf 90' lang='lat' dir='ltr'>ex</span> <span class='ocrx_word' id='word_1_105' title='bbox 842 1359 1045 1438; x_wconf 90' lang='lat' dir='ltr'>plenitudine“</span> <span class='ocrx_word' id='word_1_106' title='bbox 1071 1359 1183 1435; x_wconf 83' lang='lat' dir='ltr'>„Super</span> <span class='ocrx_word' id='word_1_107' title='bbox 1204 1357 1268 1431; x_wconf 88' lang='lat' dir='ltr'>hoc,</span> <span class='ocrx_word' id='word_1_108' title='bbox 1292 1358 1389 1435; x_wconf 86' lang='lat' dir='ltr'>quod“</span> <span class='ocrx_word' id='word_1_109' title='bbox 1411 1358 1523 1434; x_wconf 85' lang='lat' dir='ltr'>„Super</span> <span class='ocrx_word' id='word_1_110' title='bbox 1545 1375 1580 1416; x_wconf 90' lang='lat' dir='ltr'>eo</span> <span class='ocrx_word' id='word_1_111' title='bbox 1602 1358 1708 1434; x_wconf 88' lang='lat' dir='ltr'>quod“.</span> 
     </span>
    </p>
   </div>
   <div class='ocr_carea' id='block_1_6' title="bbox 551 1459 2074 1715">
    <p class='ocr_par' dir='ltr' id='par_1_6' title="bbox 551 1459 2074 1715">
     <span class='ocr_line' id='line_1_11' title="bbox 551 1459 2074 1540; baseline -0.004 -18"><span class='ocrx_word' id='word_1_112' title='bbox 551 1466 654 1524; x_wconf 90' lang='grc'>16630</span> <span class='ocrx_word' id='word_1_113' title='bbox 671 1464 804 1540; x_wconf 91' lang='grc'>(10263)</span> <span class='ocrx_word' id='word_1_114' title='bbox 828 1462 952 1521; x_wconf 82' lang='grc'>051555</span> <span class='ocrx_word' id='word_1_115' title='bbox 975 1462 1135 1540; x_wconf 79' lang='lat' dir='ltr'>respondet</span> <span class='ocrx_word' id='word_1_116' title='bbox 1157 1461 1245 1520; x_wconf 90' lang='lat' dir='ltr'>hacc:</span> <span class='ocrx_word' id='word_1_117' title='bbox 1268 1460 1315 1534; x_wconf 83' lang='lat' dir='ltr'>„Si</span> <span class='ocrx_word' id='word_1_118' title='bbox 1339 1461 1419 1540; x_wconf 89' lang='lat' dir='ltr'>prior</span> <span class='ocrx_word' id='word_1_119' title='bbox 1442 1461 1547 1520; x_wconf 85' lang='lat' dir='ltr'>electio</span> <span class='ocrx_word' id='word_1_120' title='bbox 1569 1479 1629 1519; x_wconf 89' lang='lat' dir='ltr'>nou</span> <span class='ocrx_word' id='word_1_121' title='bbox 1644 1461 1719 1520; x_wconf 87' lang='grc'>51115</span> <span class='ocrx_word' id='word_1_122' title='bbox 1737 1479 1891 1538; x_wconf 87' lang='lat' dir='ltr'>personae,</span> <span class='ocrx_word' id='word_1_123' title='bbox 1913 1461 1964 1519; x_wconf 90' lang='grc'>555</span> <span class='ocrx_word' id='word_1_124' title='bbox 1986 1459 2074 1517; x_wconf 90' lang='grc'>5555</span> 
     </span>
     <span class='ocr_line' id='line_1_12' title="bbox 592 1545 2074 1624; baseline -0.005 -15"><span class='ocrx_word' id='word_1_125' title='bbox 592 1550 745 1609; x_wconf 83' lang='lat' dir='ltr'>electionis</span> <span class='ocrx_word' id='word_1_126' title='bbox 768 1555 915 1624; x_wconf 90' lang='lat' dir='ltr'>cassatur,</span> <span class='ocrx_word' id='word_1_127' title='bbox 946 1548 1003 1606; x_wconf 93' lang='lat' dir='ltr'>nisi</span> <span class='ocrx_word' id='word_1_128' title='bbox 1032 1548 1108 1606; x_wconf 87' lang='grc'>15515</span> <span class='ocrx_word' id='word_1_129' title='bbox 1135 1548 1315 1606; x_wconf 78' lang='lat' dir='ltr'>simoniacae</span> <span class='ocrx_word' id='word_1_130' title='bbox 1343 1548 1499 1624; x_wconf 89' lang='lat' dir='ltr'>pravitatis</span> <span class='ocrx_word' id='word_1_131' title='bbox 1526 1547 1641 1623; x_wconf 92' lang='lat' dir='ltr'>aliquid</span> <span class='ocrx_word' id='word_1_132' title='bbox 1668 1546 1871 1606; x_wconf 87' lang='lat' dir='ltr'>intercessisse</span> <span class='ocrx_word' id='word_1_133' title='bbox 1898 1545 2074 1619; x_wconf 89' lang='lat' dir='ltr'>constiterit,</span> 
     </span>
     <span class='ocr_line' id='line_1_13' title="bbox 591 1631 2074 1715; baseline -0.003 -21"><span class='ocrx_word' id='word_1_134' title='bbox 591 1636 806 1715; x_wconf 89' lang='lat' dir='ltr'>promotionem</span> <span class='ocrx_word' id='word_1_135' title='bbox 829 1635 892 1694; x_wconf 91' lang='lat' dir='ltr'>eius</span> <span class='ocrx_word' id='word_1_136' title='bbox 915 1635 946 1692; x_wconf 90' lang='lat' dir='ltr'>in</span> <span class='ocrx_word' id='word_1_137' title='bbox 969 1633 1074 1692; x_wconf 87' lang='lat' dir='ltr'>eadem</span> <span class='ocrx_word' id='word_1_138' title='bbox 1096 1633 1222 1692; x_wconf 85' lang='lat' dir='ltr'>eeclesia</span> <span class='ocrx_word' id='word_1_139' title='bbox 1244 1652 1303 1691; x_wconf 94' lang='lat' dir='ltr'>non</span> <span class='ocrx_word' id='word_1_140' title='bbox 1326 1632 1433 1692; x_wconf 88' lang='lat' dir='ltr'>debeat</span> <span class='ocrx_word' id='word_1_141' title='bbox 1456 1633 1626 1712; x_wconf 86' lang='lat' dir='ltr'>impedire“.</span> <span class='ocrx_word' id='word_1_142' title='bbox 1662 1631 1763 1710; x_wconf 83' lang='lat' dir='ltr'><strong>Comp.</strong></span> <span class='ocrx_word' id='word_1_143' title='bbox 1779 1633 1818 1691; x_wconf 93' lang='grc' dir='ltr'>ΙΙ.</span> <span class='ocrx_word' id='word_1_144' title='bbox 1832 1631 1865 1691; x_wconf 87' lang='lat' dir='ltr'>L.</span> <span class='ocrx_word' id='word_1_145' title='bbox 1882 1633 1910 1691; x_wconf 84' lang='lat'>5.</span> <span class='ocrx_word' id='word_1_146' title='bbox 1925 1638 1945 1691; x_wconf 93' lang='lat' dir='ltr'><strong>t.</strong></span> <span class='ocrx_word' id='word_1_147' title='bbox 1963 1634 1990 1691; x_wconf 87' lang='grc'>2.</span> <span class='ocrx_word' id='word_1_148' title='bbox 2006 1651 2029 1690; x_wconf 88' lang='grc'>5.</span> <span class='ocrx_word' id='word_1_149' title='bbox 2046 1633 2074 1704; x_wconf 89' lang='grc'>5,</span> 
     </span>
    </p>
   </div>
   <div class='ocr_carea' id='block_1_7' title="bbox 591 1719 1765 1798">
    <p class='ocr_par' dir='ltr' id='par_1_7' title="bbox 591 1719 1765 1798">
     <span class='ocr_line' id='line_1_14' title="bbox 591 1719 1765 1798; baseline -0.002 -18"><span class='ocrx_word' id='word_1_150' title='bbox 591 1722 687 1781; x_wconf 82' lang='lat' dir='ltr'>Manui</span> <span class='ocrx_word' id='word_1_151' title='bbox 709 1723 809 1780; x_wconf 84' lang='lat' dir='ltr'><strong>XXII.</strong></span> <span class='ocrx_word' id='word_1_152' title='bbox 833 1723 904 1794; x_wconf 87' lang='grc'>556,</span> <span class='ocrx_word' id='word_1_153' title='bbox 926 1721 1028 1798; x_wconf 87' lang='grc'>111355</span> <span class='ocrx_word' id='word_1_154' title='bbox 1052 1722 1114 1779; x_wconf 88' lang='grc'>204</span> <span class='ocrx_word' id='word_1_155' title='bbox 1137 1740 1165 1798; x_wconf 89' lang='lat' dir='ltr'>p.</span> <span class='ocrx_word' id='word_1_156' title='bbox 1190 1721 1280 1779; x_wconf 87' lang='lat'><strong>1485.</strong></span> <span class='ocrx_word' id='word_1_157' title='bbox 1304 1753 1345 1762; x_wconf 94' lang='lat'>—</span> <span class='ocrx_word' id='word_1_158' title='bbox 1367 1720 1479 1798; x_wconf 87' lang='lat' dir='ltr'>„Super</span> <span class='ocrx_word' id='word_1_159' title='bbox 1501 1739 1536 1778; x_wconf 93' lang='lat' dir='ltr'>co</span> <span class='ocrx_word' id='word_1_160' title='bbox 1560 1737 1637 1792; x_wconf 86' lang='lat' dir='ltr'>vero,</span> <span class='ocrx_word' id='word_1_161' title='bbox 1660 1719 1765 1796; x_wconf 91' lang='lat' dir='ltr'>quod“.</span> 
     </span>
    </p>
   </div>
   <div class='ocr_carea' id='block_1_8' title="bbox 551 1820 2075 2161">
    <p class='ocr_par' dir='ltr' id='par_1_8' title="bbox 551 1820 2075 2161">
     <span class='ocr_line' id='line_1_15' title="bbox 551 1820 2074 1901; baseline -0.004 -18"><span class='ocrx_word' id='word_1_162' title='bbox 551 1827 651 1886; x_wconf 91' lang='grc'>16631</span> <span class='ocrx_word' id='word_1_163' title='bbox 670 1825 804 1900; x_wconf 87' lang='grc'>(10265)</span> <span class='ocrx_word' id='word_1_164' title='bbox 827 1823 952 1883; x_wconf 83' lang='grc'>051555</span> <span class='ocrx_word' id='word_1_165' title='bbox 976 1824 1146 1901; x_wconf 87' lang='lat' dir='ltr'>respondet,</span> <span class='ocrx_word' id='word_1_166' title='bbox 1175 1841 1281 1900; x_wconf 87' lang='lat' dir='ltr'>„super</span> <span class='ocrx_word' id='word_1_167' title='bbox 1304 1823 1563 1900; x_wconf 87' lang='lat' dir='ltr'>consanguinitate</span> <span class='ocrx_word' id='word_1_168' title='bbox 1587 1821 1753 1900; x_wconf 89' lang='grc'>55355555</span> <span class='ocrx_word' id='word_1_169' title='bbox 1776 1840 1840 1881; x_wconf 88' lang='grc'>5555</span> <span class='ocrx_word' id='word_1_170' title='bbox 1863 1826 1970 1880; x_wconf 90' lang='grc'>155155</span> <span class='ocrx_word' id='word_1_171' title='bbox 1994 1820 2074 1878; x_wconf 90' lang='grc'>15511-</span> 
     </span>
     <span class='ocr_line' id='line_1_16' title="bbox 591 1907 2075 1989; baseline -0.004 -19"><span class='ocrx_word' id='word_1_172' title='bbox 591 1911 723 1970; x_wconf 88' lang='grc'>555155</span> <span class='ocrx_word' id='word_1_173' title='bbox 753 1910 910 1989; x_wconf 90' lang='lat' dir='ltr'>perhibere</span> <span class='ocrx_word' id='word_1_174' title='bbox 937 1909 1084 1968; x_wconf 82' lang='lat' dir='ltr'>veritati“.</span> <span class='ocrx_word' id='word_1_175' title='bbox 1128 1909 1280 1983; x_wconf 75' lang='lat' dir='ltr'>(Fortasse</span> <span class='ocrx_word' id='word_1_176' title='bbox 1308 1928 1376 1988; x_wconf 88' lang='lat' dir='ltr'>pars</span> <span class='ocrx_word' id='word_1_177' title='bbox 1403 1914 1448 1968; x_wconf 90' lang='lat' dir='ltr'>cst</span> <span class='ocrx_word' id='word_1_178' title='bbox 1471 1908 1628 1987; x_wconf 90' lang='lat' dir='ltr'>epistolae,</span> <span class='ocrx_word' id='word_1_179' title='bbox 1660 1927 1699 1967; x_wconf 87' lang='lat' dir='ltr'>ex</span> <span class='ocrx_word' id='word_1_180' title='bbox 1730 1927 1790 1985; x_wconf 88' lang='lat' dir='ltr'>qua</span> <span class='ocrx_word' id='word_1_181' title='bbox 1818 1907 2007 1985; x_wconf 89' lang='lat' dir='ltr'>desumptum</span> <span class='ocrx_word' id='word_1_182' title='bbox 2030 1911 2075 1965; x_wconf 89' lang='grc'>551</span> 
     </span>
     <span class='ocr_line' id='line_1_17' title="bbox 591 1992 2075 2075; baseline -0.005 -19"><span class='ocrx_word' id='word_1_183' title='bbox 591 2017 636 2075; x_wconf 90' lang='grc'>55.</span> <span class='ocrx_word' id='word_1_184' title='bbox 653 2001 691 2056; x_wconf 93' lang='grc'>17</span> <span class='ocrx_word' id='word_1_185' title='bbox 697 1998 773 2068; x_wconf 83' lang='grc'>659;</span> <span class='ocrx_word' id='word_1_186' title='bbox 789 1997 901 2072; x_wconf 87' lang='lat' dir='ltr'>hasque</span> <span class='ocrx_word' id='word_1_187' title='bbox 914 1996 988 2054; x_wconf 89' lang='lat' dir='ltr'>duas</span> <span class='ocrx_word' id='word_1_188' title='bbox 1004 1994 1227 2070; x_wconf 86' lang='lat' dir='ltr'>coniungendas</span> <span class='ocrx_word' id='word_1_189' title='bbox 1242 2013 1306 2053; x_wconf 89' lang='lat' dir='ltr'>csse</span> <span class='ocrx_word' id='word_1_190' title='bbox 1322 2014 1389 2054; x_wconf 91' lang='grc'>555</span> <span class='ocrx_word' id='word_1_191' title='bbox 1405 2013 1450 2072; x_wconf 90' lang='grc'>55.</span> <span class='ocrx_word' id='word_1_192' title='bbox 1468 1996 1570 2054; x_wconf 90' lang='grc'>17658</span> <span class='ocrx_word' id='word_1_193' title='bbox 1581 1995 1754 2070; x_wconf 81' lang='lat' dir='ltr'>Fricdbergi</span> <span class='ocrx_word' id='word_1_194' title='bbox 1770 1993 1920 2052; x_wconf 87' lang='lat' dir='ltr'>sententia</span> <span class='ocrx_word' id='word_1_195' title='bbox 1935 1992 2075 2068; x_wconf 85' lang='grc'>5155155).</span> 
     </span>
     <span class='ocr_line' id='line_1_18' title="bbox 591 2077 2073 2161; baseline -0.004 -20"><span class='ocrx_word' id='word_1_196' title='bbox 591 2081 744 2161; x_wconf 80' lang='grc'>655511.</span> <span class='ocrx_word' id='word_1_197' title='bbox 766 2082 799 2141; x_wconf 91' lang='lat' dir='ltr'>L.</span> <span class='ocrx_word' id='word_1_198' title='bbox 823 2085 851 2140; x_wconf 89' lang='grc'>2.</span> <span class='ocrx_word' id='word_1_199' title='bbox 874 2087 895 2140; x_wconf 93' lang='lat' dir='ltr'><strong>t.</strong></span> <span class='ocrx_word' id='word_1_200' title='bbox 920 2083 967 2140; x_wconf 88' lang='lat'><strong>13.</strong></span> <span class='ocrx_word' id='word_1_201' title='bbox 990 2101 1013 2140; x_wconf 94' lang='grc'>5.</span> <span class='ocrx_word' id='word_1_202' title='bbox 1038 2082 1065 2154; x_wconf 89' lang='grc'>2,</span> <span class='ocrx_word' id='word_1_203' title='bbox 1088 2080 1277 2157; x_wconf 78' lang='grc'>1155511553.</span> <span class='ocrx_word' id='word_1_204' title='bbox 1301 2081 1333 2138; x_wconf 92' lang='lat' dir='ltr'>L.</span> <span class='ocrx_word' id='word_1_205' title='bbox 1358 2084 1385 2138; x_wconf 89' lang='grc'>2.</span> <span class='ocrx_word' id='word_1_206' title='bbox 1408 2087 1428 2139; x_wconf 90' lang='grc'>1.</span> <span class='ocrx_word' id='word_1_207' title='bbox 1450 2083 1499 2138; x_wconf 92' lang='grc'>21.</span> <span class='ocrx_word' id='word_1_208' title='bbox 1522 2099 1545 2139; x_wconf 91' lang='grc'>5.</span> <span class='ocrx_word' id='word_1_209' title='bbox 1563 2083 1590 2138; x_wconf 90' lang='grc'>6.</span> <span class='ocrx_word' id='word_1_210' title='bbox 1613 2112 1654 2122; x_wconf 97' lang='grc'>-</span> <span class='ocrx_word' id='word_1_211' title='bbox 1677 2080 1894 2157; x_wconf 83' lang='grc'>,,613511155511“</span> <span class='ocrx_word' id='word_1_212' title='bbox 1917 2077 2073 2152; x_wconf 80' lang='lat' dir='ltr'>„Ceterum</span> 
     </span>
    </p>
   </div>
   <div class='ocr_carea' id='block_1_9' title="bbox 591 2168 807 2245">
    <p class='ocr_par' dir='ltr' id='par_1_9' title="bbox 591 2168 807 2245">
     <span class='ocr_line' id='line_1_19' title="bbox 591 2168 807 2245; baseline -0.005 -19"><span class='ocrx_word' id='word_1_213' title='bbox 591 2168 671 2244; x_wconf 93' lang='lat' dir='ltr'>quod</span> <span class='ocrx_word' id='word_1_214' title='bbox 693 2170 807 2245; x_wconf 87' lang='lat' dir='ltr'>super“.</span> 
     </span>
    </p>
   </div>
   <div class='ocr_carea' id='block_1_10' title="bbox 550 2265 2075 2519">
    <p class='ocr_par' dir='ltr' id='par_1_10' title="bbox 550 2265 2075 2519">
     <span class='ocr_line' id='line_1_20' title="bbox 550 2265 2073 2347; baseline -0.007 -15"><span class='ocrx_word' id='word_1_215' title='bbox 550 2273 653 2332; x_wconf 92' lang='grc'>16632</span> <span class='ocrx_word' id='word_1_216' title='bbox 675 2272 808 2346; x_wconf 92' lang='grc'>(10267)</span> <span class='ocrx_word' id='word_1_217' title='bbox 832 2270 1016 2339; x_wconf 88' lang='lat' dir='ltr'>Quibusdam</span> <span class='ocrx_word' id='word_1_218' title='bbox 1038 2270 1174 2342; x_wconf 92' lang='lat' dir='ltr'>mandat,</span> <span class='ocrx_word' id='word_1_219' title='bbox 1206 2275 1240 2328; x_wconf 90' lang='lat' dir='ltr'>ut</span> <span class='ocrx_word' id='word_1_220' title='bbox 1261 2271 1285 2327; x_wconf 93' lang='grc'>1.</span> <span class='ocrx_word' id='word_1_221' title='bbox 1313 2269 1521 2329; x_wconf 88' lang='lat' dir='ltr'>archidiacono</span> <span class='ocrx_word' id='word_1_222' title='bbox 1543 2270 1678 2346; x_wconf 81' lang='grc'>65315551</span> <span class='ocrx_word' id='word_1_223' title='bbox 1705 2269 1907 2347; x_wconf 87' lang='lat' dir='ltr'>praebendam</span> <span class='ocrx_word' id='word_1_224' title='bbox 1929 2265 2073 2326; x_wconf 89' lang='lat' dir='ltr'>eeclesiae</span> 
     </span>
     <span class='ocr_line' id='line_1_21' title="bbox 590 2353 2075 2433; baseline -0.003 -19"><span class='ocrx_word' id='word_1_225' title='bbox 590 2356 1121 2433; x_wconf 59' lang='grc'>1555555515(1535155555155515)</span> <span class='ocrx_word' id='word_1_226' title='bbox 1152 2355 1269 2414; x_wconf 91' lang='lat' dir='ltr'>restitui</span> <span class='ocrx_word' id='word_1_227' title='bbox 1297 2354 1428 2414; x_wconf 89' lang='lat' dir='ltr'>iubeant.</span> <span class='ocrx_word' id='word_1_228' title='bbox 1471 2354 1573 2433; x_wconf 85' lang='lat' dir='ltr'><strong>Comp.</strong></span> <span class='ocrx_word' id='word_1_229' title='bbox 1595 2357 1634 2414; x_wconf 85' lang='lat'>11.</span> <span class='ocrx_word' id='word_1_230' title='bbox 1656 2354 1689 2414; x_wconf 93' lang='lat' dir='ltr'>L.</span> <span class='ocrx_word' id='word_1_231' title='bbox 1714 2362 1740 2416; x_wconf 92' lang='lat'>1.</span> <span class='ocrx_word' id='word_1_232' title='bbox 1763 2361 1783 2414; x_wconf 92' lang='lat' dir='ltr'><strong>t.</strong></span> <span class='ocrx_word' id='word_1_233' title='bbox 1808 2356 1856 2415; x_wconf 87' lang='grc'>18.</span> <span class='ocrx_word' id='word_1_234' title='bbox 1879 2373 1903 2413; x_wconf 90' lang='grc'>5.</span> <span class='ocrx_word' id='word_1_235' title='bbox 1926 2355 1958 2426; x_wconf 88' lang='grc'>3,</span> <span class='ocrx_word' id='word_1_236' title='bbox 1989 2353 2075 2410; x_wconf 89' lang='lat' dir='ltr'>Decr.</span> 
     </span>
     <span class='ocr_line' id='line_1_22' title="bbox 591 2441 1520 2519; baseline -0.001 -18"><span class='ocrx_word' id='word_1_237' title='bbox 591 2442 679 2519; x_wconf 84' lang='lat' dir='ltr'><strong>Greg.</strong></span> <span class='ocrx_word' id='word_1_238' title='bbox 701 2443 735 2501; x_wconf 88' lang='lat' dir='ltr'>L.</span> <span class='ocrx_word' id='word_1_239' title='bbox 757 2444 780 2502; x_wconf 92' lang='grc'>1.</span> <span class='ocrx_word' id='word_1_240' title='bbox 803 2448 823 2502; x_wconf 88' lang='grc'>1.</span> <span class='ocrx_word' id='word_1_241' title='bbox 847 2445 896 2502; x_wconf 91' lang='grc'>38.</span> <span class='ocrx_word' id='word_1_242' title='bbox 919 2461 942 2500; x_wconf 89' lang='grc'>5.</span> <span class='ocrx_word' id='word_1_243' title='bbox 967 2445 994 2501; x_wconf 88' lang='lat'><strong>3.</strong></span> <span class='ocrx_word' id='word_1_244' title='bbox 1017 2475 1058 2484; x_wconf 92' lang='lat'><em>-</em></span> <span class='ocrx_word' id='word_1_245' title='bbox 1081 2441 1145 2514; x_wconf 78' lang='lat' dir='ltr'>„Lx</span> <span class='ocrx_word' id='word_1_246' title='bbox 1167 2441 1369 2500; x_wconf 86' lang='lat' dir='ltr'>insinuatione</span> <span class='ocrx_word' id='word_1_247' title='bbox 1391 2441 1520 2501; x_wconf 87' lang='lat' dir='ltr'>dilecti“.</span> 
     </span>
    </p>
   </div>
   <div class='ocr_carea' id='block_1_11' title="bbox 551 2539 2077 2877">
    <p class='ocr_par' dir='ltr' id='par_1_11' title="bbox 551 2539 2077 2877">
     <span class='ocr_line' id='line_1_23' title="bbox 551 2539 2076 2621; baseline -0.006 -17"><span class='ocrx_word' id='word_1_248' title='bbox 551 2548 655 2605; x_wconf 89' lang='grc'>16633</span> <span class='ocrx_word' id='word_1_249' title='bbox 671 2546 806 2621; x_wconf 90' lang='grc'>(10268)</span> <span class='ocrx_word' id='word_1_250' title='bbox 828 2545 1013 2613; x_wconf 87' lang='lat' dir='ltr'>Quibusdam</span> <span class='ocrx_word' id='word_1_251' title='bbox 1036 2544 1190 2621; x_wconf 86' lang='lat' dir='ltr'>permittit,</span> <span class='ocrx_word' id='word_1_252' title='bbox 1214 2548 1248 2602; x_wconf 92' lang='lat' dir='ltr'>ut</span> <span class='ocrx_word' id='word_1_253' title='bbox 1270 2543 1391 2620; x_wconf 91' lang='lat' dir='ltr'>quidam</span> <span class='ocrx_word' id='word_1_254' title='bbox 1414 2544 1463 2618; x_wconf 90' lang='lat' dir='ltr'>„in</span> <span class='ocrx_word' id='word_1_255' title='bbox 1485 2544 1651 2602; x_wconf 89' lang='lat' dir='ltr'>sacerdotio</span> <span class='ocrx_word' id='word_1_256' title='bbox 1674 2543 1806 2620; x_wconf 88' lang='grc'>3551155,</span> <span class='ocrx_word' id='word_1_257' title='bbox 1829 2543 1866 2602; x_wconf 89' lang='grc'>55</span> <span class='ocrx_word' id='word_1_258' title='bbox 1888 2559 1981 2600; x_wconf 87' lang='lat' dir='ltr'>uxore</span> <span class='ocrx_word' id='word_1_259' title='bbox 2004 2539 2076 2614; x_wconf 88' lang='grc'>1531-</span> 
     </span>
     <span class='ocr_line' id='line_1_24' title="bbox 592 2626 2077 2708; baseline -0.005 -19"><span class='ocrx_word' id='word_1_260' title='bbox 592 2633 666 2690; x_wconf 90' lang='grc'>1155</span> <span class='ocrx_word' id='word_1_261' title='bbox 686 2637 783 2704; x_wconf 89' lang='grc'>55155,</span> <span class='ocrx_word' id='word_1_262' title='bbox 806 2632 831 2690; x_wconf 90' lang='lat' dir='ltr'>si</span> <span class='ocrx_word' id='word_1_263' title='bbox 854 2632 963 2708; x_wconf 90' lang='grc'>513555</span> <span class='ocrx_word' id='word_1_264' title='bbox 985 2631 1125 2688; x_wconf 83' lang='lat' dir='ltr'>inventus</span> <span class='ocrx_word' id='word_1_265' title='bbox 1149 2630 1247 2704; x_wconf 88' lang='grc'>155511,</span> <span class='ocrx_word' id='word_1_266' title='bbox 1270 2630 1301 2686; x_wconf 90' lang='grc'>15</span> <span class='ocrx_word' id='word_1_267' title='bbox 1324 2629 1463 2688; x_wconf 89' lang='grc'>51551555</span> <span class='ocrx_word' id='word_1_268' title='bbox 1486 2630 1618 2689; x_wconf 89' lang='grc'>55515551</span> <span class='ocrx_word' id='word_1_269' title='bbox 1642 2635 1672 2688; x_wconf 92' lang='grc'>51</span> <span class='ocrx_word' id='word_1_270' title='bbox 1687 2629 1724 2688; x_wconf 88' lang='grc'>55</span> <span class='ocrx_word' id='word_1_271' title='bbox 1740 2627 1973 2687; x_wconf 88' lang='lat' dir='ltr'>ecclesiasticum</span> <span class='ocrx_word' id='word_1_272' title='bbox 1988 2626 2077 2684; x_wconf 90' lang='lat' dir='ltr'>bene·</span> 
     </span>
     <span class='ocr_line' id='line_1_25' title="bbox 592 2712 2076 2795; baseline -0.005 -19"><span class='ocrx_word' id='word_1_273' title='bbox 592 2718 689 2776; x_wconf 87' lang='lat' dir='ltr'>ficium</span> <span class='ocrx_word' id='word_1_274' title='bbox 713 2718 813 2776; x_wconf 88' lang='grc'>551551</span> <span class='ocrx_word' id='word_1_275' title='bbox 834 2717 1028 2795; x_wconf 67' lang='lat' dir='ltr'>promoverit</span> <span class='ocrx_word' id='word_1_276' title='bbox 1072 2715 1172 2793; x_wconf 82' lang='lat' dir='ltr'><strong>Gomp.</strong></span> <span class='ocrx_word' id='word_1_277' title='bbox 1195 2717 1235 2775; x_wconf 90' lang='lat'><strong>11.</strong></span> <span class='ocrx_word' id='word_1_278' title='bbox 1258 2716 1291 2773; x_wconf 92' lang='lat' dir='ltr'><strong>L.</strong></span> <span class='ocrx_word' id='word_1_279' title='bbox 1317 2719 1343 2774; x_wconf 93' lang='lat'>1.</span> <span class='ocrx_word' id='word_1_280' title='bbox 1366 2722 1386 2775; x_wconf 93' lang='lat' dir='ltr'><strong>t.</strong></span> <span class='ocrx_word' id='word_1_281' title='bbox 1410 2719 1438 2775; x_wconf 87' lang='grc'>9.</span> <span class='ocrx_word' id='word_1_282' title='bbox 1460 2735 1484 2774; x_wconf 90' lang='grc'>5.</span> <span class='ocrx_word' id='word_1_283' title='bbox 1507 2719 1536 2791; x_wconf 86' lang='grc'>4,</span> <span class='ocrx_word' id='word_1_284' title='bbox 1558 2717 1644 2775; x_wconf 89' lang='lat' dir='ltr'>Decr.</span> <span class='ocrx_word' id='word_1_285' title='bbox 1666 2715 1755 2792; x_wconf 86' lang='lat' dir='ltr'>Greg.</span> <span class='ocrx_word' id='word_1_286' title='bbox 1777 2713 1810 2773; x_wconf 93' lang='lat' dir='ltr'>L.</span> <span class='ocrx_word' id='word_1_287' title='bbox 1831 2714 1854 2772; x_wconf 95' lang='lat' dir='ltr'><strong>l.</strong></span> <span class='ocrx_word' id='word_1_288' title='bbox 1877 2715 1962 2773; x_wconf 85' lang='grc'>117.</span> <span class='ocrx_word' id='word_1_289' title='bbox 1985 2712 2076 2770; x_wconf 85' lang='grc'>514.</span> 
     </span>
     <span class='ocr_line' id='line_1_26' title="bbox 593 2802 1680 2877; baseline 0 -17"><span class='ocrx_word' id='word_1_290' title='bbox 593 2837 634 2847; x_wconf 96' lang='lat'><em>-</em></span> <span class='ocrx_word' id='word_1_291' title='bbox 657 2804 804 2877; x_wconf 86' lang='lat' dir='ltr'>„Litteras</span> <span class='ocrx_word' id='word_1_292' title='bbox 826 2809 945 2862; x_wconf 86' lang='lat' dir='ltr'>vestrae</span> <span class='ocrx_word' id='word_1_293' title='bbox 968 2802 1152 2861; x_wconf 89' lang='lat' dir='ltr'>dilectionis“</span> <span class='ocrx_word' id='word_1_294' title='bbox 1176 2802 1323 2876; x_wconf 89' lang='lat' dir='ltr'>„Litteras</span> <span class='ocrx_word' id='word_1_295' title='bbox 1347 2802 1515 2862; x_wconf 89' lang='lat' dir='ltr'>dilectionis</span> <span class='ocrx_word' id='word_1_296' title='bbox 1536 2804 1680 2862; x_wconf 84' lang='lat' dir='ltr'>vestrae“.</span> 
     </span>
    </p>
   </div>
   <div class='ocr_carea' id='block_1_12' title="bbox 552 2899 2077 3328">
    <p class='ocr_par' dir='ltr' id='par_1_12' title="bbox 552 2899 2077 3328">
     <span class='ocr_line' id='line_1_27' title="bbox 552 2899 2075 2982; baseline -0.005 -19"><span class='ocrx_word' id='word_1_297' title='bbox 552 2907 656 2965; x_wconf 89' lang='grc'>16634</span> <span class='ocrx_word' id='word_1_298' title='bbox 678 2907 811 2982; x_wconf 89' lang='grc'>(10270)</span> <span class='ocrx_word' id='word_1_299' title='bbox 835 2905 1018 2975; x_wconf 89' lang='lat' dir='ltr'>Quibusdam</span> <span class='ocrx_word' id='word_1_300' title='bbox 1047 2904 1208 2982; x_wconf 87' lang='grc'>5135111551,</span> <span class='ocrx_word' id='word_1_301' title='bbox 1241 2924 1273 2963; x_wconf 96' lang='grc'>55</span> <span class='ocrx_word' id='word_1_302' title='bbox 1300 2923 1424 2978; x_wconf 90' lang='lat' dir='ltr'>„omnes</span> <span class='ocrx_word' id='word_1_303' title='bbox 1456 2905 1522 2964; x_wconf 91' lang='lat' dir='ltr'>illos</span> <span class='ocrx_word' id='word_1_304' title='bbox 1550 2903 1849 2964; x_wconf 87' lang='lat' dir='ltr'>excommunicationi</span> <span class='ocrx_word' id='word_1_305' title='bbox 1877 2899 2075 2979; x_wconf 87' lang='lat' dir='ltr'>supposuisse,</span> 
     </span>
     <span class='ocr_line' id='line_1_28' title="bbox 592 2984 2076 3070; baseline -0.007 -20"><span class='ocrx_word' id='word_1_306' title='bbox 592 2993 644 3069; x_wconf 93' lang='lat' dir='ltr'>qui</span> <span class='ocrx_word' id='word_1_307' title='bbox 670 2993 729 3051; x_wconf 91' lang='lat' dir='ltr'>iam</span> <span class='ocrx_word' id='word_1_308' title='bbox 761 2993 888 3070; x_wconf 89' lang='lat' dir='ltr'>amplius</span> <span class='ocrx_word' id='word_1_309' title='bbox 919 3010 986 3050; x_wconf 90' lang='lat' dir='ltr'>eum</span> <span class='ocrx_word' id='word_1_310' title='bbox 1009 2990 1179 3050; x_wconf 84' lang='lat' dir='ltr'>Sarracenis</span> <span class='ocrx_word' id='word_1_311' title='bbox 1211 2991 1436 3050; x_wconf 89' lang='lat' dir='ltr'>mercimonium</span> <span class='ocrx_word' id='word_1_312' title='bbox 1463 2991 1625 3050; x_wconf 89' lang='lat' dir='ltr'>habuerint</span> <span class='ocrx_word' id='word_1_313' title='bbox 1646 2992 1693 3050; x_wconf 89' lang='lat' dir='ltr'>vel</span> <span class='ocrx_word' id='word_1_314' title='bbox 1724 3009 1777 3068; x_wconf 89' lang='lat' dir='ltr'>per</span> <span class='ocrx_word' id='word_1_315' title='bbox 1808 2987 1909 3047; x_wconf 90' lang='grc'>55551</span> <span class='ocrx_word' id='word_1_316' title='bbox 1938 2984 2011 3044; x_wconf 91' lang='grc'>51155</span> <span class='ocrx_word' id='word_1_317' title='bbox 2034 2984 2076 3042; x_wconf 89' lang='grc'>515</span> 
     </span>
     <span class='ocr_line' id='line_1_29' title="bbox 592 3071 2077 3154; baseline -0.005 -18"><span class='ocrx_word' id='word_1_318' title='bbox 592 3077 694 3154; x_wconf 88' lang='lat' dir='ltr'>aliqua</span> <span class='ocrx_word' id='word_1_319' title='bbox 716 3097 814 3136; x_wconf 88' lang='lat' dir='ltr'>rerum</span> <span class='ocrx_word' id='word_1_320' title='bbox 838 3077 971 3136; x_wconf 89' lang='lat' dir='ltr'>subsidia</span> <span class='ocrx_word' id='word_1_321' title='bbox 993 3096 1046 3136; x_wconf 90' lang='grc'>555</span> <span class='ocrx_word' id='word_1_322' title='bbox 1069 3077 1208 3148; x_wconf 88' lang='grc'>55551115,</span> <span class='ocrx_word' id='word_1_323' title='bbox 1240 3077 1382 3153; x_wconf 88' lang='lat' dir='ltr'>quamdiu</span> <span class='ocrx_word' id='word_1_324' title='bbox 1405 3078 1483 3137; x_wconf 90' lang='lat' dir='ltr'>inter</span> <span class='ocrx_word' id='word_1_325' title='bbox 1505 3077 1690 3136; x_wconf 81' lang='lat' dir='ltr'>Christianos</span> <span class='ocrx_word' id='word_1_326' title='bbox 1719 3074 1838 3136; x_wconf 88' lang='grc'>5111155</span> <span class='ocrx_word' id='word_1_327' title='bbox 1860 3090 1969 3150; x_wconf 86' lang='lat' dir='ltr'>guerra</span> <span class='ocrx_word' id='word_1_328' title='bbox 1991 3071 2077 3129; x_wconf 87' lang='lat' dir='ltr'>dura·</span> 
     </span>
     <span class='ocr_line' id='line_1_30' title="bbox 592 3159 2075 3242; baseline -0.005 -20"><span class='ocrx_word' id='word_1_329' title='bbox 592 3164 676 3237; x_wconf 90' lang='grc'>55511,</span> <span class='ocrx_word' id='word_1_330' title='bbox 701 3164 843 3223; x_wconf 88' lang='lat' dir='ltr'>duxerint</span> <span class='ocrx_word' id='word_1_331' title='bbox 865 3163 1090 3242; x_wconf 86' lang='lat' dir='ltr'>impendenda“.</span> <span class='ocrx_word' id='word_1_332' title='bbox 1136 3162 1291 3240; x_wconf 80' lang='grc'>055511.</span> <span class='ocrx_word' id='word_1_333' title='bbox 1313 3164 1346 3223; x_wconf 87' lang='lat' dir='ltr'>L.</span> <span class='ocrx_word' id='word_1_334' title='bbox 1363 3165 1390 3224; x_wconf 97' lang='grc'>5.</span> <span class='ocrx_word' id='word_1_335' title='bbox 1413 3168 1433 3222; x_wconf 92' lang='lat' dir='ltr'><strong>t.</strong></span> <span class='ocrx_word' id='word_1_336' title='bbox 1450 3167 1478 3223; x_wconf 94' lang='lat'>4.</span> <span class='ocrx_word' id='word_1_337' title='bbox 1501 3183 1524 3223; x_wconf 93' lang='lat' dir='ltr'><strong>c.</strong></span> <span class='ocrx_word' id='word_1_338' title='bbox 1542 3167 1569 3238; x_wconf 89' lang='grc'>6,</span> <span class='ocrx_word' id='word_1_339' title='bbox 1591 3165 1677 3224; x_wconf 89' lang='lat' dir='ltr'>Decr.</span> <span class='ocrx_word' id='word_1_340' title='bbox 1700 3162 1789 3239; x_wconf 83' lang='lat' dir='ltr'><strong>Greg.</strong></span> <span class='ocrx_word' id='word_1_341' title='bbox 1804 3159 1837 3219; x_wconf 93' lang='lat' dir='ltr'>L.</span> <span class='ocrx_word' id='word_1_342' title='bbox 1852 3159 1888 3219; x_wconf 87' lang='lat' dir='ltr'>V.</span> <span class='ocrx_word' id='word_1_343' title='bbox 1903 3164 1923 3218; x_wconf 93' lang='lat' dir='ltr'><strong>t.</strong></span> <span class='ocrx_word' id='word_1_344' title='bbox 1940 3159 1968 3216; x_wconf 89' lang='grc'>6.</span> <span class='ocrx_word' id='word_1_345' title='bbox 1985 3175 2008 3216; x_wconf 92' lang='grc'>5.</span> <span class='ocrx_word' id='word_1_346' title='bbox 2026 3160 2075 3216; x_wconf 91' lang='grc'>12.</span> 
     </span>
     <span class='ocr_line' id='line_1_31' title="bbox 593 3249 1093 3328; baseline -0.004 -19"><span class='ocrx_word' id='word_1_347' title='bbox 593 3284 634 3293; x_wconf 95' lang='grc'>-</span> <span class='ocrx_word' id='word_1_348' title='bbox 656 3249 759 3324; x_wconf 89' lang='lat' dir='ltr'>„Quod</span> <span class='ocrx_word' id='word_1_349' title='bbox 782 3251 853 3309; x_wconf 94' lang='lat' dir='ltr'>olim</span> <span class='ocrx_word' id='word_1_350' title='bbox 876 3251 1093 3328; x_wconf 84' lang='lat' dir='ltr'>praeceptum“.</span> 
     </span>
    </p>
   </div>
   <div class='ocr_carea' id='block_1_13' title="bbox 528 3345 2142 3603">
    <p class='ocr_par' dir='ltr' id='par_1_13' title="bbox 528 3345 2142 3603">
     <span class='ocr_line' id='line_1_32' title="bbox 528 3345 2142 3431; baseline -0.005 -22"><span class='ocrx_word' id='word_1_351' title='bbox 528 3353 656 3422; x_wconf 81' lang='lat'><strong>†16635</strong></span> <span class='ocrx_word' id='word_1_352' title='bbox 680 3353 814 3428; x_wconf 88' lang='grc'>(10271)</span> <span class='ocrx_word' id='word_1_353' title='bbox 837 3353 972 3430; x_wconf 82' lang='lat' dir='ltr'>Epistola</span> <span class='ocrx_word' id='word_1_354' title='bbox 998 3352 1168 3426; x_wconf 87' lang='lat' dir='ltr'>decretalis,</span> <span class='ocrx_word' id='word_1_355' title='bbox 1202 3371 1278 3429; x_wconf 90' lang='lat' dir='ltr'>quae</span> <span class='ocrx_word' id='word_1_356' title='bbox 1307 3354 1338 3411; x_wconf 90' lang='lat' dir='ltr'>in</span> <span class='ocrx_word' id='word_1_357' title='bbox 1361 3352 1462 3431; x_wconf 83' lang='lat' dir='ltr'><strong>Oemp.</strong></span> <span class='ocrx_word' id='word_1_358' title='bbox 1484 3354 1523 3412; x_wconf 93' lang='lat' dir='ltr'>II.</span> <span class='ocrx_word' id='word_1_359' title='bbox 1545 3353 1577 3411; x_wconf 95' lang='lat' dir='ltr'>L.</span> <span class='ocrx_word' id='word_1_360' title='bbox 1600 3355 1631 3412; x_wconf 82' lang='grc'>’5.</span> <span class='ocrx_word' id='word_1_361' title='bbox 1654 3358 1674 3411; x_wconf 90' lang='lat' dir='ltr'><strong>t.</strong></span> <span class='ocrx_word' id='word_1_362' title='bbox 1697 3354 1725 3411; x_wconf 85' lang='lat'>2.</span> <span class='ocrx_word' id='word_1_363' title='bbox 1748 3372 1772 3411; x_wconf 91' lang='lat' dir='ltr'><strong>c.</strong></span> <span class='ocrx_word' id='word_1_364' title='bbox 1795 3352 1813 3409; x_wconf 88' lang='lat'><strong>6</strong></span> <span class='ocrx_word' id='word_1_365' title='bbox 1837 3349 1999 3408; x_wconf 83' lang='lat' dir='ltr'>Clementis</span> <span class='ocrx_word' id='word_1_366' title='bbox 2021 3345 2076 3403; x_wconf 92' lang='grc'>111.</span> <span class='ocrx_word' id='word_1_367' title='bbox 2139 3369 2142 3376; x_wconf 70' lang='grc'><strong>’</strong></span> 
     </span>
     <span class='ocr_line' id='line_1_33' title="bbox 593 3433 2078 3518; baseline -0.003 -23"><span class='ocrx_word' id='word_1_368' title='bbox 593 3437 713 3497; x_wconf 89' lang='grc'>555155</span> <span class='ocrx_word' id='word_1_369' title='bbox 744 3438 880 3517; x_wconf 88' lang='grc'>55555115</span> <span class='ocrx_word' id='word_1_370' title='bbox 911 3444 970 3512; x_wconf 90' lang='grc'>551,</span> <span class='ocrx_word' id='word_1_371' title='bbox 1003 3439 1041 3496; x_wconf 88' lang='grc'>55</span> <span class='ocrx_word' id='word_1_372' title='bbox 1064 3439 1273 3497; x_wconf 90' lang='lat' dir='ltr'>Innocentium</span> <span class='ocrx_word' id='word_1_373' title='bbox 1295 3438 1349 3497; x_wconf 92' lang='grc'>111.</span> <span class='ocrx_word' id='word_1_374' title='bbox 1381 3439 1524 3518; x_wconf 86' lang='grc'>55511551,</span> <span class='ocrx_word' id='word_1_375' title='bbox 1556 3445 1589 3498; x_wconf 92' lang='grc'>51</span> <span class='ocrx_word' id='word_1_376' title='bbox 1620 3442 1745 3497; x_wconf 86' lang='grc'>5555151</span> <span class='ocrx_word' id='word_1_377' title='bbox 1766 3436 1932 3512; x_wconf 79' lang='lat' dir='ltr'>Friedberg</span> <span class='ocrx_word' id='word_1_378' title='bbox 1958 3435 1988 3492; x_wconf 93' lang='lat' dir='ltr'>in</span> <span class='ocrx_word' id='word_1_379' title='bbox 2018 3433 2078 3492; x_wconf 89' lang='grc'>551-</span> 
     </span>
     <span class='ocr_line' id='line_1_34' title="bbox 595 3525 1643 3603; baseline 0.002 -21"><span class='ocrx_word' id='word_1_380' title='bbox 595 3525 674 3583; x_wconf 89' lang='grc'>11555</span> <span class='ocrx_word' id='word_1_381' title='bbox 697 3543 751 3582; x_wconf 90' lang='grc'>555</span> <span class='ocrx_word' id='word_1_382' title='bbox 773 3525 1027 3603; x_wconf 86' lang='lat' dir='ltr'>Oompilationum</span> <span class='ocrx_word' id='word_1_383' title='bbox 1049 3525 1067 3584; x_wconf 93' lang='lat' dir='ltr'><strong>l.</strong></span> <span class='ocrx_word' id='word_1_384' title='bbox 1090 3525 1109 3583; x_wconf 93' lang='lat' dir='ltr'><strong>l.</strong></span> <span class='ocrx_word' id='word_1_385' title='bbox 1132 3558 1173 3566; x_wconf 91' lang='lat'>—</span> <span class='ocrx_word' id='word_1_386' title='bbox 1197 3525 1357 3598; x_wconf 87' lang='lat' dir='ltr'>„Quamvis</span> <span class='ocrx_word' id='word_1_387' title='bbox 1379 3526 1416 3584; x_wconf 89' lang='lat' dir='ltr'>ad</span> <span class='ocrx_word' id='word_1_388' title='bbox 1440 3525 1643 3585; x_wconf 86' lang='lat' dir='ltr'>abolendam“.</span> 
     </span>
    </p>
   </div>
   <div class='ocr_carea' id='block_1_14' title="bbox 554 3623 2077 4130">
    <p class='ocr_par' dir='ltr' id='par_1_14' title="bbox 554 3623 2077 4130">
     <span class='ocr_line' id='line_1_35' title="bbox 554 3623 2077 3703; baseline -0.003 -19"><span class='ocrx_word' id='word_1_389' title='bbox 554 3628 656 3685; x_wconf 89' lang='grc'>16636</span> <span class='ocrx_word' id='word_1_390' title='bbox 677 3625 807 3701; x_wconf 92' lang='grc'>(10273.</span> <span class='ocrx_word' id='word_1_391' title='bbox 831 3628 951 3701; x_wconf 88' lang='grc'>10709)</span> <span class='ocrx_word' id='word_1_392' title='bbox 973 3626 1098 3686; x_wconf 81' lang='grc'>051555</span> <span class='ocrx_word' id='word_1_393' title='bbox 1127 3626 1241 3700; x_wconf 83' lang='lat' dir='ltr'>scribit,</span> <span class='ocrx_word' id='word_1_394' title='bbox 1272 3645 1311 3686; x_wconf 91' lang='lat' dir='ltr'>ne</span> <span class='ocrx_word' id='word_1_395' title='bbox 1333 3628 1434 3686; x_wconf 89' lang='lat' dir='ltr'>Iacobi</span> <span class='ocrx_word' id='word_1_396' title='bbox 1457 3628 1514 3703; x_wconf 88' lang='lat' dir='ltr'>(al.</span> <span class='ocrx_word' id='word_1_397' title='bbox 1537 3628 1589 3703; x_wconf 94' lang='lat' dir='ltr'>L.)</span> <span class='ocrx_word' id='word_1_398' title='bbox 1617 3627 1780 3687; x_wconf 89' lang='grc'>5555555115</span> <span class='ocrx_word' id='word_1_399' title='bbox 1807 3626 1980 3684; x_wconf 88' lang='grc'>5551515155</span> <span class='ocrx_word' id='word_1_400' title='bbox 2002 3623 2077 3682; x_wconf 90' lang='grc'>51151</span> 
     </span>
     <span class='ocr_line' id='line_1_36' title="bbox 594 3709 2075 3790; baseline -0.003 -20"><span class='ocrx_word' id='word_1_401' title='bbox 594 3717 753 3790; x_wconf 89' lang='lat' dir='ltr'>propterea</span> <span class='ocrx_word' id='word_1_402' title='bbox 774 3713 854 3789; x_wconf 93' lang='lat' dir='ltr'>quod</span> <span class='ocrx_word' id='word_1_403' title='bbox 876 3713 1034 3772; x_wconf 91' lang='lat' dir='ltr'>monialem</span> <span class='ocrx_word' id='word_1_404' title='bbox 1058 3713 1215 3789; x_wconf 89' lang='lat' dir='ltr'>quandem,</span> <span class='ocrx_word' id='word_1_405' title='bbox 1239 3732 1316 3790; x_wconf 91' lang='lat' dir='ltr'>quae</span> <span class='ocrx_word' id='word_1_406' title='bbox 1339 3714 1468 3773; x_wconf 92' lang='lat' dir='ltr'>ludendo</span> <span class='ocrx_word' id='word_1_407' title='bbox 1491 3733 1558 3773; x_wconf 89' lang='lat' dir='ltr'>cum</span> <span class='ocrx_word' id='word_1_408' title='bbox 1580 3715 1640 3773; x_wconf 90' lang='lat' dir='ltr'>alio</span> <span class='ocrx_word' id='word_1_409' title='bbox 1662 3713 1771 3773; x_wconf 89' lang='lat' dir='ltr'>clerico</span> <span class='ocrx_word' id='word_1_410' title='bbox 1792 3711 1947 3770; x_wconf 87' lang='lat' dir='ltr'>matutinis</span> <span class='ocrx_word' id='word_1_411' title='bbox 1970 3709 2075 3768; x_wconf 86' lang='lat' dir='ltr'>officiis</span> 
     </span>
     <span class='ocr_line' id='line_1_37' title="bbox 594 3797 2075 3878; baseline -0.002 -23"><span class='ocrx_word' id='word_1_412' title='bbox 594 3798 840 3877; x_wconf 88' lang='lat' dir='ltr'>impedimentum</span> <span class='ocrx_word' id='word_1_413' title='bbox 868 3799 1007 3876; x_wconf 87' lang='lat' dir='ltr'>parabat,</span> <span class='ocrx_word' id='word_1_414' title='bbox 1039 3818 1077 3856; x_wconf 89' lang='lat' dir='ltr'>ex</span> <span class='ocrx_word' id='word_1_415' title='bbox 1106 3799 1232 3858; x_wconf 90' lang='lat' dir='ltr'>ecclesia</span> <span class='ocrx_word' id='word_1_416' title='bbox 1259 3799 1388 3858; x_wconf 90' lang='lat' dir='ltr'>eiecerit.</span> <span class='ocrx_word' id='word_1_417' title='bbox 1432 3800 1598 3859; x_wconf 83' lang='grc'>6511155.</span> <span class='ocrx_word' id='word_1_418' title='bbox 1621 3798 1903 3878; x_wconf 88' lang='lat' dir='ltr'>ap.BaluzeMise.</span> <span class='ocrx_word' id='word_1_419' title='bbox 1926 3798 1980 3855; x_wconf 93' lang='lat' dir='ltr'><strong>III.</strong></span> <span class='ocrx_word' id='word_1_420' title='bbox 2004 3797 2075 3868; x_wconf 87' lang='grc'>369,</span> 
     </span>
     <span class='ocr_line' id='line_1_38' title="bbox 595 3882 2075 3962; baseline -0.001 -20"><span class='ocrx_word' id='word_1_421' title='bbox 595 3883 1083 3958; x_wconf 80' lang='grc'>(5115555515110551551151111.</span> <span class='ocrx_word' id='word_1_422' title='bbox 1112 3903 1231 3943; x_wconf 87' lang='lat' dir='ltr'>annexa</span> <span class='ocrx_word' id='word_1_423' title='bbox 1254 3885 1325 3959; x_wconf 88' lang='lat' dir='ltr'>est),</span> <span class='ocrx_word' id='word_1_424' title='bbox 1360 3885 1460 3962; x_wconf 81' lang='grc'>6555.</span> <span class='ocrx_word' id='word_1_425' title='bbox 1483 3886 1522 3944; x_wconf 90' lang='lat' dir='ltr'>II.</span> <span class='ocrx_word' id='word_1_426' title='bbox 1544 3885 1576 3944; x_wconf 93' lang='lat' dir='ltr'>L.</span> <span class='ocrx_word' id='word_1_427' title='bbox 1601 3887 1628 3945; x_wconf 83' lang='lat'><strong>5.</strong></span> <span class='ocrx_word' id='word_1_428' title='bbox 1652 3892 1672 3944; x_wconf 91' lang='lat' dir='ltr'><strong>t.</strong></span> <span class='ocrx_word' id='word_1_429' title='bbox 1697 3887 1745 3944; x_wconf 86' lang='lat'>18.</span> <span class='ocrx_word' id='word_1_430' title='bbox 1767 3904 1791 3943; x_wconf 91' lang='lat' dir='ltr'><strong>c.</strong></span> <span class='ocrx_word' id='word_1_431' title='bbox 1815 3885 1846 3958; x_wconf 89' lang='grc'>5,</span> <span class='ocrx_word' id='word_1_432' title='bbox 1878 3884 1963 3942; x_wconf 87' lang='lat' dir='ltr'><strong>Docr.</strong></span> <span class='ocrx_word' id='word_1_433' title='bbox 1986 3882 2075 3957; x_wconf 83' lang='grc'>6553.</span> 
     </span>
     <span class='ocr_line' id='line_1_39' title="bbox 595 3969 2075 4050; baseline -0.001 -23"><span class='ocrx_word' id='word_1_434' title='bbox 595 3970 628 4029; x_wconf 93' lang='lat' dir='ltr'>L.</span> <span class='ocrx_word' id='word_1_435' title='bbox 651 3970 686 4030; x_wconf 88' lang='lat' dir='ltr'>V.</span> <span class='ocrx_word' id='word_1_436' title='bbox 710 3976 729 4029; x_wconf 91' lang='grc'>1.</span> <span class='ocrx_word' id='word_1_437' title='bbox 754 3973 804 4030; x_wconf 90' lang='grc'>39.</span> <span class='ocrx_word' id='word_1_438' title='bbox 826 3990 850 4028; x_wconf 91' lang='grc'>5.</span> <span class='ocrx_word' id='word_1_439' title='bbox 875 3972 923 4045; x_wconf 89' lang='lat'>16,</span> <span class='ocrx_word' id='word_1_440' title='bbox 945 3970 1042 4028; x_wconf 80' lang='lat' dir='ltr'>blansi</span> <span class='ocrx_word' id='word_1_441' title='bbox 1064 3971 1163 4028; x_wconf 85' lang='lat' dir='ltr'><strong>XXII.</strong></span> <span class='ocrx_word' id='word_1_442' title='bbox 1188 3971 1388 4048; x_wconf 88' lang='grc'>630,111355</span> <span class='ocrx_word' id='word_1_443' title='bbox 1412 3975 1472 4032; x_wconf 88' lang='grc'>206</span> <span class='ocrx_word' id='word_1_444' title='bbox 1496 3992 1523 4050; x_wconf 93' lang='lat' dir='ltr'><strong>p.</strong></span> <span class='ocrx_word' id='word_1_445' title='bbox 1548 3973 1639 4032; x_wconf 87' lang='grc'>1251.</span> <span class='ocrx_word' id='word_1_446' title='bbox 1663 4004 1704 4014; x_wconf 98' lang='grc'>-</span> <span class='ocrx_word' id='word_1_447' title='bbox 1727 3971 1876 4046; x_wconf 86' lang='lat' dir='ltr'>„Veniens</span> <span class='ocrx_word' id='word_1_448' title='bbox 1898 3969 1936 4028; x_wconf 89' lang='lat' dir='ltr'>ad</span> <span class='ocrx_word' id='word_1_449' title='bbox 1960 3972 2075 4048; x_wconf 89' lang='lat' dir='ltr'>aposto-</span> 
     </span>
     <span class='ocr_line' id='line_1_40' title="bbox 595 4053 1791 4130; baseline 0.001 -16"><span class='ocrx_word' id='word_1_450' title='bbox 595 4053 683 4114; x_wconf 91' lang='lat' dir='ltr'>licam</span> <span class='ocrx_word' id='word_1_451' title='bbox 706 4056 855 4130; x_wconf 85' lang='lat' dir='ltr'>„Veniens</span> <span class='ocrx_word' id='word_1_452' title='bbox 878 4057 917 4115; x_wconf 89' lang='lat' dir='ltr'>ad</span> <span class='ocrx_word' id='word_1_453' title='bbox 940 4055 1066 4115; x_wconf 86' lang='lat' dir='ltr'>sedem“.</span> <span class='ocrx_word' id='word_1_454' title='bbox 1789 4073 1791 4076; x_wconf 82' lang='lat'>·</span> 
     </span>
    </p>
   </div>
   <div class='ocr_carea' id='block_1_15' title="bbox 554 4158 2076 4667">
    <p class='ocr_par' dir='ltr' id='par_1_15' title="bbox 554 4158 2076 4667">
     <span class='ocr_line' id='line_1_41' title="bbox 554 4158 2076 4238; baseline -0.001 -22"><span class='ocrx_word' id='word_1_455' title='bbox 554 4160 657 4218; x_wconf 90' lang='grc'>16637</span> <span class='ocrx_word' id='word_1_456' title='bbox 681 4158 806 4218; x_wconf 80' lang='lat' dir='ltr'>Quidam</span> <span class='ocrx_word' id='word_1_457' title='bbox 829 4160 990 4238; x_wconf 89' lang='lat' dir='ltr'>respondet</span> <span class='ocrx_word' id='word_1_458' title='bbox 1012 4160 1180 4236; x_wconf 88' lang='lat' dir='ltr'>quaerenti,</span> <span class='ocrx_word' id='word_1_459' title='bbox 1213 4165 1313 4219; x_wconf 91' lang='lat' dir='ltr'>utrum</span> <span class='ocrx_word' id='word_1_460' title='bbox 1336 4159 1437 4238; x_wconf 90' lang='lat' dir='ltr'>puella</span> <span class='ocrx_word' id='word_1_461' title='bbox 1458 4161 1556 4220; x_wconf 90' lang='lat' dir='ltr'>minor</span> <span class='ocrx_word' id='word_1_462' title='bbox 1577 4161 1646 4220; x_wconf 91' lang='lat' dir='ltr'><strong>XII.</strong></span> <span class='ocrx_word' id='word_1_463' title='bbox 1669 4161 1756 4219; x_wconf 89' lang='lat' dir='ltr'>annis</span> <span class='ocrx_word' id='word_1_464' title='bbox 1778 4179 1797 4218; x_wconf 91' lang='grc'>5</span> <span class='ocrx_word' id='word_1_465' title='bbox 1819 4158 1992 4238; x_wconf 87' lang='grc'>5555511155</span> <span class='ocrx_word' id='word_1_466' title='bbox 2015 4176 2076 4215; x_wconf 93' lang='lat' dir='ltr'>mo-</span> 
     </span>
     <span class='ocr_line' id='line_1_42' title="bbox 594 4244 2076 4324; baseline -0.001 -22"><span class='ocrx_word' id='word_1_467' title='bbox 594 4246 725 4304; x_wconf 89' lang='lat' dir='ltr'>nasterio</span> <span class='ocrx_word' id='word_1_468' title='bbox 747 4245 859 4304; x_wconf 87' lang='lat' dir='ltr'>tradita</span> <span class='ocrx_word' id='word_1_469' title='bbox 880 4252 1043 4324; x_wconf 82' lang='lat' dir='ltr'>posteaqua</span> <span class='ocrx_word' id='word_1_470' title='bbox 1066 4245 1231 4320; x_wconf 85' lang='lat' dir='ltr'>benedicta,</span> <span class='ocrx_word' id='word_1_471' title='bbox 1255 4265 1331 4322; x_wconf 88' lang='lat' dir='ltr'>quae</span> <span class='ocrx_word' id='word_1_472' title='bbox 1354 4247 1475 4320; x_wconf 88' lang='lat' dir='ltr'>„exiens</span> <span class='ocrx_word' id='word_1_473' title='bbox 1498 4267 1530 4306; x_wconf 90' lang='lat' dir='ltr'>se</span> <span class='ocrx_word' id='word_1_474' title='bbox 1553 4247 1669 4305; x_wconf 89' lang='lat' dir='ltr'>cuidam</span> <span class='ocrx_word' id='word_1_475' title='bbox 1689 4247 1778 4305; x_wconf 90' lang='lat' dir='ltr'>militi</span> <span class='ocrx_word' id='word_1_476' title='bbox 1792 4244 1977 4324; x_wconf 81' lang='lat' dir='ltr'>copulaverit</span> <span class='ocrx_word' id='word_1_477' title='bbox 1992 4249 2022 4302; x_wconf 90' lang='lat' dir='ltr'>et</span> <span class='ocrx_word' id='word_1_478' title='bbox 2037 4262 2076 4302; x_wconf 88' lang='lat' dir='ltr'>ex</span> 
     </span>
     <span class='ocr_line' id='line_1_43' title="bbox 595 4329 2076 4411; baseline -0.001 -23"><span class='ocrx_word' id='word_1_479' title='bbox 595 4349 630 4390; x_wconf 88' lang='lat' dir='ltr'>eo</span> <span class='ocrx_word' id='word_1_480' title='bbox 646 4331 758 4408; x_wconf 91' lang='lat' dir='ltr'>prolem</span> <span class='ocrx_word' id='word_1_481' title='bbox 774 4333 946 4410; x_wconf 88' lang='lat' dir='ltr'>susceperit,</span> <span class='ocrx_word' id='word_1_482' title='bbox 962 4332 1001 4390; x_wconf 90' lang='lat' dir='ltr'>ad</span> <span class='ocrx_word' id='word_1_483' title='bbox 1015 4333 1228 4391; x_wconf 89' lang='lat' dir='ltr'>monasterium</span> <span class='ocrx_word' id='word_1_484' title='bbox 1243 4333 1341 4391; x_wconf 90' lang='lat' dir='ltr'>redire</span> <span class='ocrx_word' id='word_1_485' title='bbox 1356 4335 1506 4409; x_wconf 80' lang='lat' dir='ltr'>cogatur“.</span> <span class='ocrx_word' id='word_1_486' title='bbox 1521 4335 1571 4408; x_wconf 89' lang='grc'>(15</span> <span class='ocrx_word' id='word_1_487' title='bbox 1581 4333 1654 4392; x_wconf 84' lang='grc'>6511.</span> <span class='ocrx_word' id='word_1_488' title='bbox 1669 4333 1796 4392; x_wconf 86' lang='lat' dir='ltr'>Luccnsi</span> <span class='ocrx_word' id='word_1_489' title='bbox 1812 4352 1858 4411; x_wconf 95' lang='lat' dir='ltr'>ap.</span> <span class='ocrx_word' id='word_1_490' title='bbox 1868 4331 1978 4389; x_wconf 90' lang='lat' dir='ltr'>Baluze</span> <span class='ocrx_word' id='word_1_491' title='bbox 1993 4329 2076 4387; x_wconf 86' lang='lat' dir='ltr'>Misc.</span> 
     </span>
     <span class='ocr_line' id='line_1_44' title="bbox 594 4415 2073 4498; baseline 0 -24"><span class='ocrx_word' id='word_1_492' title='bbox 594 4417 650 4476; x_wconf 95' lang='grc'>111.</span> <span class='ocrx_word' id='word_1_493' title='bbox 673 4420 744 4490; x_wconf 89' lang='grc'>382,</span> <span class='ocrx_word' id='word_1_494' title='bbox 766 4419 896 4494; x_wconf 89' lang='lat' dir='ltr'>itemque</span> <span class='ocrx_word' id='word_1_495' title='bbox 919 4437 965 4495; x_wconf 94' lang='lat' dir='ltr'>ap.</span> <span class='ocrx_word' id='word_1_496' title='bbox 988 4418 1084 4477; x_wconf 81' lang='lat' dir='ltr'>Manui</span> <span class='ocrx_word' id='word_1_497' title='bbox 1107 4418 1206 4477; x_wconf 87' lang='lat' dir='ltr'><strong>XXII.</strong></span> <span class='ocrx_word' id='word_1_498' title='bbox 1224 4420 1295 4492; x_wconf 88' lang='grc'>641,</span> <span class='ocrx_word' id='word_1_499' title='bbox 1318 4419 1403 4494; x_wconf 90' lang='lat' dir='ltr'>quasi</span> <span class='ocrx_word' id='word_1_500' title='bbox 1426 4418 1531 4478; x_wconf 91' lang='lat' dir='ltr'>ultima</span> <span class='ocrx_word' id='word_1_501' title='bbox 1553 4439 1621 4498; x_wconf 90' lang='lat' dir='ltr'>pars</span> <span class='ocrx_word' id='word_1_502' title='bbox 1644 4419 1813 4498; x_wconf 84' lang='lat' dir='ltr'>prolixioris</span> <span class='ocrx_word' id='word_1_503' title='bbox 1837 4417 1980 4496; x_wconf 89' lang='lat' dir='ltr'>epistolae</span> <span class='ocrx_word' id='word_1_504' title='bbox 2002 4415 2073 4474; x_wconf 82' lang='lat' dir='ltr'>Ooo-</span> 
     </span>
     <span class='ocr_line' id='line_1_45' title="bbox 595 4502 2074 4580; baseline 0 -20"><span class='ocrx_word' id='word_1_505' title='bbox 595 4503 694 4561; x_wconf 89' lang='lat' dir='ltr'>lestini</span> <span class='ocrx_word' id='word_1_506' title='bbox 709 4502 764 4562; x_wconf 94' lang='lat' dir='ltr'><strong>III.</strong></span> <span class='ocrx_word' id='word_1_507' title='bbox 787 4503 897 4580; x_wconf 86' lang='grc'>1531155</span> <span class='ocrx_word' id='word_1_508' title='bbox 918 4503 1076 4563; x_wconf 88' lang='grc'>5555515115</span> <span class='ocrx_word' id='word_1_509' title='bbox 1098 4504 1185 4575; x_wconf 70' lang='lat' dir='ltr'>haee,</span> <span class='ocrx_word' id='word_1_510' title='bbox 1209 4505 1261 4562; x_wconf 90' lang='lat' dir='ltr'>sed</span> <span class='ocrx_word' id='word_1_511' title='bbox 1284 4523 1383 4564; x_wconf 86' lang='lat' dir='ltr'>errore</span> <span class='ocrx_word' id='word_1_512' title='bbox 1406 4506 1505 4565; x_wconf 88' lang='lat' dir='ltr'>nescio</span> <span class='ocrx_word' id='word_1_513' title='bbox 1528 4506 1611 4564; x_wconf 91' lang='lat' dir='ltr'>euius</span> <span class='ocrx_word' id='word_1_514' title='bbox 1627 4525 1693 4564; x_wconf 89' lang='lat' dir='ltr'>eam</span> <span class='ocrx_word' id='word_1_515' title='bbox 1715 4506 1786 4564; x_wconf 91' lang='lat' dir='ltr'>illue</span> <span class='ocrx_word' id='word_1_516' title='bbox 1809 4504 1985 4565; x_wconf 87' lang='lat' dir='ltr'>translatam</span> <span class='ocrx_word' id='word_1_517' title='bbox 2001 4520 2074 4574; x_wconf 90' lang='lat' dir='ltr'>esse,</span> 
     </span>
     <span class='ocr_line' id='line_1_46' title="bbox 594 4589 2074 4667; baseline 0 -21"><span class='ocrx_word' id='word_1_518' title='bbox 594 4589 707 4647; x_wconf 90' lang='lat' dir='ltr'>nemini</span> <span class='ocrx_word' id='word_1_519' title='bbox 730 4607 872 4666; x_wconf 87' lang='grc'>5555355</span> <span class='ocrx_word' id='word_1_520' title='bbox 894 4590 1006 4666; x_wconf 89' lang='grc'>1535511</span> <span class='ocrx_word' id='word_1_521' title='bbox 1029 4590 1152 4649; x_wconf 86' lang='grc'>551155</span> <span class='ocrx_word' id='word_1_522' title='bbox 1168 4608 1232 4648; x_wconf 91' lang='grc'>5555</span> <span class='ocrx_word' id='word_1_523' title='bbox 1255 4596 1361 4667; x_wconf 89' lang='grc'>551551.</span> <span class='ocrx_word' id='word_1_524' title='bbox 1391 4591 1512 4649; x_wconf 75' lang='lat' dir='ltr'>(lumin</span> <span class='ocrx_word' id='word_1_525' title='bbox 1529 4591 1754 4667; x_wconf 84' lang='lat' dir='ltr'>Compilatiouis</span> <span class='ocrx_word' id='word_1_526' title='bbox 1770 4593 1809 4650; x_wconf 93' lang='lat' dir='ltr'>II.</span> <span class='ocrx_word' id='word_1_527' title='bbox 1832 4591 1983 4649; x_wconf 89' lang='lat' dir='ltr'>codicibus</span> <span class='ocrx_word' id='word_1_528' title='bbox 2007 4607 2074 4646; x_wconf 91' lang='lat' dir='ltr'>mss.</span> 
     </span>
    </p>
   </div>
   <div class='ocr_carea' id='block_1_16' title="bbox 594 4673 2074 4921">
    <p class='ocr_par' dir='ltr' id='par_1_16' title="bbox 594 4673 2074 4921">
     <span class='ocr_line' id='line_1_47' title="bbox 595 4673 2074 4754; baseline -0.001 -21"><span class='ocrx_word' id='word_1_529' title='bbox 595 4673 741 4733; x_wconf 82' lang='lat' dir='ltr'>Clementi</span> <span class='ocrx_word' id='word_1_530' title='bbox 756 4675 810 4734; x_wconf 93' lang='lat' dir='ltr'><strong>III.</strong></span> <span class='ocrx_word' id='word_1_531' title='bbox 833 4676 964 4753; x_wconf 88' lang='grc'>55551515</span> <span class='ocrx_word' id='word_1_532' title='bbox 985 4676 1032 4748; x_wconf 90' lang='grc'>511,</span> <span class='ocrx_word' id='word_1_533' title='bbox 1054 4694 1120 4734; x_wconf 87' lang='grc'>555</span> <span class='ocrx_word' id='word_1_534' title='bbox 1143 4676 1232 4734; x_wconf 89' lang='lat' dir='ltr'>huius</span> <span class='ocrx_word' id='word_1_535' title='bbox 1254 4695 1349 4754; x_wconf 88' lang='lat' dir='ltr'>papae</span> <span class='ocrx_word' id='word_1_536' title='bbox 1372 4676 1506 4753; x_wconf 89' lang='lat' dir='ltr'>epistolis</span> <span class='ocrx_word' id='word_1_537' title='bbox 1529 4677 1730 4752; x_wconf 90' lang='lat' dir='ltr'>inseruimus).</span> <span class='ocrx_word' id='word_1_538' title='bbox 1761 4676 1926 4737; x_wconf 76' lang='grc'>(1511155.</span> <span class='ocrx_word' id='word_1_539' title='bbox 1949 4694 1996 4752; x_wconf 88' lang='lat' dir='ltr'>ap.</span> <span class='ocrx_word' id='word_1_540' title='bbox 2018 4675 2074 4732; x_wconf 89' lang='lat' dir='ltr'>Ba·</span> 
     </span>
     <span class='ocr_line' id='line_1_48' title="bbox 594 4759 2074 4840; baseline 0.001 -23"><span class='ocrx_word' id='word_1_541' title='bbox 594 4759 737 4819; x_wconf 83' lang='grc' dir='ltr'>15551Π.</span> <span class='ocrx_word' id='word_1_542' title='bbox 760 4763 838 4835; x_wconf 91' lang='grc'>382,</span> <span class='ocrx_word' id='word_1_543' title='bbox 870 4761 1033 4839; x_wconf 79' lang='grc'>055511.</span> <span class='ocrx_word' id='word_1_544' title='bbox 1056 4762 1089 4820; x_wconf 97' lang='lat' dir='ltr'>L.</span> <span class='ocrx_word' id='word_1_545' title='bbox 1113 4767 1140 4823; x_wconf 92' lang='lat'>3.</span> <span class='ocrx_word' id='word_1_546' title='bbox 1164 4768 1183 4820; x_wconf 92' lang='lat' dir='ltr'><strong>t.</strong></span> <span class='ocrx_word' id='word_1_547' title='bbox 1209 4764 1257 4820; x_wconf 89' lang='lat'>18.</span> <span class='ocrx_word' id='word_1_548' title='bbox 1280 4781 1303 4820; x_wconf 89' lang='lat' dir='ltr'><strong>e.</strong></span> <span class='ocrx_word' id='word_1_549' title='bbox 1327 4763 1360 4835; x_wconf 88' lang='lat'>3,</span> <span class='ocrx_word' id='word_1_550' title='bbox 1392 4761 1476 4821; x_wconf 88' lang='lat' dir='ltr'>Dccr.</span> <span class='ocrx_word' id='word_1_551' title='bbox 1509 4762 1598 4840; x_wconf 84' lang='lat' dir='ltr'>Greg.</span> <span class='ocrx_word' id='word_1_552' title='bbox 1620 4763 1653 4822; x_wconf 90' lang='lat' dir='ltr'>L.</span> <span class='ocrx_word' id='word_1_553' title='bbox 1677 4768 1705 4824; x_wconf 93' lang='lat'>3.</span> <span class='ocrx_word' id='word_1_554' title='bbox 1728 4769 1748 4822; x_wconf 83' lang='lat' dir='ltr'><strong>t.</strong></span> <span class='ocrx_word' id='word_1_555' title='bbox 1772 4766 1821 4823; x_wconf 93' lang='lat'>31.</span> <span class='ocrx_word' id='word_1_556' title='bbox 1844 4781 1867 4822; x_wconf 87' lang='grc'>5.</span> <span class='ocrx_word' id='word_1_557' title='bbox 1893 4765 1946 4836; x_wconf 90' lang='grc'>12,</span> <span class='ocrx_word' id='word_1_558' title='bbox 1977 4760 2074 4819; x_wconf 86' lang='grc'>115551</span> 
     </span>
     <span class='ocr_line' id='line_1_49' title="bbox 595 4845 1167 4921; baseline 0.003 -17"><span class='ocrx_word' id='word_1_559' title='bbox 595 4845 694 4904; x_wconf 83' lang='grc' dir='ltr'>ΧΧΗ.</span> <span class='ocrx_word' id='word_1_560' title='bbox 719 4849 789 4906; x_wconf 87' lang='grc'>641.</span> <span class='ocrx_word' id='word_1_561' title='bbox 812 4880 853 4888; x_wconf 90' lang='grc'>-</span> <span class='ocrx_word' id='word_1_562' title='bbox 877 4846 969 4921; x_wconf 82' lang='lat' dir='ltr'>„Cum</span> <span class='ocrx_word' id='word_1_563' title='bbox 992 4848 1089 4906; x_wconf 88' lang='grc'>51555</span> <span class='ocrx_word' id='word_1_564' title='bbox 1111 4849 1167 4906; x_wconf 85' lang='grc'>15“.</span> 
     </span>
    </p>
   </div>
   <div class='ocr_carea' id='block_1_17' title="bbox 552 4949 2076 5458">
    <p class='ocr_par' dir='ltr' id='par_1_17' title="bbox 556 4949 2075 5202">
     <span class='ocr_line' id='line_1_50' title="bbox 556 4949 2075 5029; baseline -0.001 -22"><span class='ocrx_word' id='word_1_565' title='bbox 556 4951 659 5007; x_wconf 89' lang='grc'>16638</span> <span class='ocrx_word' id='word_1_566' title='bbox 677 4951 810 5026; x_wconf 91' lang='grc'>(10275)</span> <span class='ocrx_word' id='word_1_567' title='bbox 834 4950 959 5010; x_wconf 74' lang='lat' dir='ltr'>Quidam</span> <span class='ocrx_word' id='word_1_568' title='bbox 983 4952 1150 5029; x_wconf 88' lang='lat' dir='ltr'>respondet,</span> <span class='ocrx_word' id='word_1_569' title='bbox 1173 4959 1207 5010; x_wconf 92' lang='grc'>51</span> <span class='ocrx_word' id='word_1_570' title='bbox 1228 4958 1320 5011; x_wconf 88' lang='grc'>155155</span> <span class='ocrx_word' id='word_1_571' title='bbox 1336 4959 1367 5011; x_wconf 89' lang='grc'>51</span> <span class='ocrx_word' id='word_1_572' title='bbox 1389 4958 1576 5012; x_wconf 87' lang='lat' dir='ltr'>accusatores</span> <span class='ocrx_word' id='word_1_573' title='bbox 1596 4958 1701 5012; x_wconf 89' lang='lat' dir='ltr'>contra</span> <span class='ocrx_word' id='word_1_574' title='bbox 1714 4953 1752 5011; x_wconf 91' lang='lat' dir='ltr'>H.</span> <span class='ocrx_word' id='word_1_575' title='bbox 1767 4953 1826 5010; x_wconf 89' lang='lat' dir='ltr'>viri</span> <span class='ocrx_word' id='word_1_576' title='bbox 1842 4952 1921 5011; x_wconf 86' lang='grc'>5111.</span> <span class='ocrx_word' id='word_1_577' title='bbox 1943 4949 2075 5008; x_wconf 87' lang='grc'>55115515</span> 
     </span>
     <span class='ocr_line' id='line_1_51' title="bbox 595 5035 2075 5117; baseline 0.002 -25"><span class='ocrx_word' id='word_1_578' title='bbox 595 5035 816 5104; x_wconf 86' lang='lat' dir='ltr'>matrimonium</span> <span class='ocrx_word' id='word_1_579' title='bbox 850 5036 1021 5114; x_wconf 90' lang='lat' dir='ltr'>productos,</span> <span class='ocrx_word' id='word_1_580' title='bbox 1053 5045 1205 5115; x_wconf 87' lang='lat' dir='ltr'>tamquam</span> <span class='ocrx_word' id='word_1_581' title='bbox 1239 5044 1390 5116; x_wconf 89' lang='lat' dir='ltr'>suspectos</span> <span class='ocrx_word' id='word_1_582' title='bbox 1418 5039 1548 5098; x_wconf 90' lang='lat' dir='ltr'>abiieiat.</span> <span class='ocrx_word' id='word_1_583' title='bbox 1591 5039 1692 5117; x_wconf 85' lang='lat' dir='ltr'><strong>Oomp.</strong></span> <span class='ocrx_word' id='word_1_584' title='bbox 1714 5039 1753 5098; x_wconf 91' lang='lat' dir='ltr'>II.</span> <span class='ocrx_word' id='word_1_585' title='bbox 1775 5038 1808 5097; x_wconf 92' lang='lat' dir='ltr'>L.</span> <span class='ocrx_word' id='word_1_586' title='bbox 1832 5040 1860 5098; x_wconf 89' lang='lat'>4.</span> <span class='ocrx_word' id='word_1_587' title='bbox 1884 5043 1903 5097; x_wconf 95' lang='lat' dir='ltr'><strong>t.</strong></span> <span class='ocrx_word' id='word_1_588' title='bbox 1929 5039 1977 5096; x_wconf 88' lang='grc'>12.</span> <span class='ocrx_word' id='word_1_589' title='bbox 1999 5055 2023 5094; x_wconf 90' lang='grc'>5.</span> <span class='ocrx_word' id='word_1_590' title='bbox 2047 5037 2075 5109; x_wconf 93' lang='grc'>5,</span> 
     </span>
     <span class='ocr_line' id='line_1_52' title="bbox 595 5120 1688 5202; baseline 0.005 -24"><span class='ocrx_word' id='word_1_591' title='bbox 595 5120 692 5179; x_wconf 85' lang='grc'>115551</span> <span class='ocrx_word' id='word_1_592' title='bbox 715 5121 815 5180; x_wconf 89' lang='lat' dir='ltr'><strong>XXII.</strong></span> <span class='ocrx_word' id='word_1_593' title='bbox 839 5124 909 5196; x_wconf 83' lang='lat'>555,</span> <span class='ocrx_word' id='word_1_594' title='bbox 932 5123 1034 5200; x_wconf 88' lang='grc'>111355</span> <span class='ocrx_word' id='word_1_595' title='bbox 1058 5125 1120 5184; x_wconf 90' lang='grc'>204</span> <span class='ocrx_word' id='word_1_596' title='bbox 1142 5145 1169 5202; x_wconf 93' lang='grc'>5.</span> <span class='ocrx_word' id='word_1_597' title='bbox 1195 5127 1286 5183; x_wconf 90' lang='lat'><strong>1484.</strong></span> <span class='ocrx_word' id='word_1_598' title='bbox 1308 5159 1349 5169; x_wconf 92' lang='lat'>—</span> <span class='ocrx_word' id='word_1_599' title='bbox 1374 5125 1473 5198; x_wconf 80' lang='lat' dir='ltr'>„Sicut</span> <span class='ocrx_word' id='word_1_600' title='bbox 1494 5145 1533 5184; x_wconf 90' lang='lat' dir='ltr'>ex</span> <span class='ocrx_word' id='word_1_601' title='bbox 1554 5125 1688 5184; x_wconf 86' lang='lat' dir='ltr'>litteris“.</span> 
     </span>
    </p>

    <p class='ocr_par' dir='ltr' id='par_1_18' title="bbox 552 5207 2076 5458">
     <span class='ocr_line' id='line_1_53' title="bbox 552 5207 2075 5286; baseline 0.001 -21"><span class='ocrx_word' id='word_1_602' title='bbox 552 5208 657 5266; x_wconf 90' lang='grc'>16639</span> <span class='ocrx_word' id='word_1_603' title='bbox 675 5208 808 5282; x_wconf 90' lang='grc'>(10276)</span> <span class='ocrx_word' id='word_1_604' title='bbox 831 5207 956 5267; x_wconf 79' lang='lat' dir='ltr'>Quidam</span> <span class='ocrx_word' id='word_1_605' title='bbox 979 5210 1146 5286; x_wconf 89' lang='lat' dir='ltr'>respondet,</span> <span class='ocrx_word' id='word_1_606' title='bbox 1170 5211 1194 5269; x_wconf 91' lang='lat' dir='ltr'>si</span> <span class='ocrx_word' id='word_1_607' title='bbox 1217 5212 1285 5286; x_wconf 91' lang='lat' dir='ltr'>„qui</span> <span class='ocrx_word' id='word_1_608' title='bbox 1308 5216 1413 5269; x_wconf 88' lang='lat' dir='ltr'>contra</span> <span class='ocrx_word' id='word_1_609' title='bbox 1428 5211 1570 5270; x_wconf 88' lang='lat' dir='ltr'>eeclesiae</span> <span class='ocrx_word' id='word_1_610' title='bbox 1585 5211 1793 5270; x_wconf 91' lang='lat' dir='ltr'>inhibitionem</span> <span class='ocrx_word' id='word_1_611' title='bbox 1809 5210 1993 5270; x_wconf 88' lang='lat' dir='ltr'>clandestina</span> <span class='ocrx_word' id='word_1_612' title='bbox 2008 5227 2075 5266; x_wconf 90' lang='lat' dir='ltr'>cou-</span> 
     </span>
     <span class='ocr_line' id='line_1_54' title="bbox 595 5293 2075 5370; baseline 0.002 -20"><span class='ocrx_word' id='word_1_613' title='bbox 595 5293 678 5368; x_wconf 89' lang='grc'>15315</span> <span class='ocrx_word' id='word_1_614' title='bbox 700 5294 912 5368; x_wconf 86' lang='lat' dir='ltr'>contraxerint,</span> <span class='ocrx_word' id='word_1_615' title='bbox 935 5294 1035 5353; x_wconf 88' lang='lat' dir='ltr'>taliter</span> <span class='ocrx_word' id='word_1_616' title='bbox 1058 5297 1267 5355; x_wconf 90' lang='lat' dir='ltr'>contrahentes</span> <span class='ocrx_word' id='word_1_617' title='bbox 1290 5296 1459 5356; x_wconf 90' lang='lat' dir='ltr'>tolerandos</span> <span class='ocrx_word' id='word_1_618' title='bbox 1481 5317 1554 5370; x_wconf 89' lang='grc'>5555,</span> <span class='ocrx_word' id='word_1_619' title='bbox 1577 5298 1634 5355; x_wconf 90' lang='grc'>5151</span> <span class='ocrx_word' id='word_1_620' title='bbox 1649 5297 1870 5355; x_wconf 90' lang='lat' dir='ltr'>matrimonium</span> <span class='ocrx_word' id='word_1_621' title='bbox 1886 5297 1975 5355; x_wconf 87' lang='lat' dir='ltr'>luerit</span> <span class='ocrx_word' id='word_1_622' title='bbox 1991 5313 2075 5354; x_wconf 90' lang='lat' dir='ltr'>accu-</span> 
     </span>
     <span class='ocr_line' id='line_1_55' title="bbox 595 5379 2076 5458; baseline 0.001 -21"><span class='ocrx_word' id='word_1_623' title='bbox 595 5381 721 5451; x_wconf 88' lang='lat' dir='ltr'>satum“;</span> <span class='ocrx_word' id='word_1_624' title='bbox 755 5379 807 5438; x_wconf 89' lang='lat' dir='ltr'>sed</span> <span class='ocrx_word' id='word_1_625' title='bbox 829 5381 1127 5439; x_wconf 88' lang='lat' dir='ltr'>excommunicandos</span> <span class='ocrx_word' id='word_1_626' title='bbox 1150 5401 1201 5441; x_wconf 90' lang='lat' dir='ltr'>eos</span> <span class='ocrx_word' id='word_1_627' title='bbox 1224 5401 1301 5457; x_wconf 91' lang='lat' dir='ltr'>esse,</span> <span class='ocrx_word' id='word_1_628' title='bbox 1331 5382 1424 5443; x_wconf 89' lang='lat' dir='ltr'>donce</span> <span class='ocrx_word' id='word_1_629' title='bbox 1447 5383 1589 5442; x_wconf 87' lang='lat' dir='ltr'>ecelesiae</span> <span class='ocrx_word' id='word_1_630' title='bbox 1617 5383 1826 5454; x_wconf 86' lang='lat' dir='ltr'>satisfecerint,</span> <span class='ocrx_word' id='word_1_631' title='bbox 1858 5389 1888 5442; x_wconf 94' lang='lat' dir='ltr'>et</span> <span class='ocrx_word' id='word_1_632' title='bbox 1919 5383 2076 5458; x_wconf 86' lang='lat' dir='ltr'>„inspecta</span> 
     </span>
    </p>
   </div>
   <div class='ocr_carea' id='block_1_18' title="bbox 595 5465 2075 5646">
    <p class='ocr_par' dir='ltr' id='par_1_19' title="bbox 595 5465 2075 5646">
     <span class='ocr_line' id='line_1_56' title="bbox 596 5465 2075 5548; baseline 0.003 -26"><span class='ocrx_word' id='word_1_633' title='bbox 596 5483 789 5540; x_wconf 88' lang='lat' dir='ltr'>personarum</span> <span class='ocrx_word' id='word_1_634' title='bbox 812 5471 842 5524; x_wconf 89' lang='lat' dir='ltr'>et</span> <span class='ocrx_word' id='word_1_635' title='bbox 864 5465 1006 5543; x_wconf 89' lang='lat' dir='ltr'>temporis</span> <span class='ocrx_word' id='word_1_636' title='bbox 1029 5467 1204 5543; x_wconf 88' lang='lat' dir='ltr'>qualitate“,</span> <span class='ocrx_word' id='word_1_637' title='bbox 1236 5469 1402 5544; x_wconf 79' lang='lat' dir='ltr'>condignae</span> <span class='ocrx_word' id='word_1_638' title='bbox 1428 5469 1630 5546; x_wconf 91' lang='lat' dir='ltr'>poenitentiae</span> <span class='ocrx_word' id='word_1_639' title='bbox 1651 5469 1868 5548; x_wconf 88' lang='lat' dir='ltr'>supponendus.</span> <span class='ocrx_word' id='word_1_640' title='bbox 1913 5467 2014 5544; x_wconf 82' lang='grc'>6555.</span> <span class='ocrx_word' id='word_1_641' title='bbox 2036 5468 2075 5526; x_wconf 92' lang='grc' dir='ltr'>Π.</span> 
     </span>
     <span class='ocr_line' id='line_1_57' title="bbox 595 5550 2073 5646; baseline 0.004 -38"><span class='ocrx_word' id='word_1_642' title='bbox 595 5550 627 5608; x_wconf 94' lang='lat' dir='ltr'>L.</span> <span class='ocrx_word' id='word_1_643' title='bbox 651 5554 679 5611; x_wconf 92' lang='lat'>4.</span> <span class='ocrx_word' id='word_1_644' title='bbox 702 5556 722 5610; x_wconf 95' lang='lat' dir='ltr'><strong>t.</strong></span> <span class='ocrx_word' id='word_1_645' title='bbox 748 5553 795 5610; x_wconf 94' lang='grc'>10.</span> <span class='ocrx_word' id='word_1_646' title='bbox 818 5570 842 5610; x_wconf 88' lang='grc'>5.</span> <span class='ocrx_word' id='word_1_647' title='bbox 867 5556 899 5627; x_wconf 90' lang='grc'>1,</span> <span class='ocrx_word' id='word_1_648' title='bbox 931 5552 1028 5612; x_wconf 89' lang='grc'>115551</span> <span class='ocrx_word' id='word_1_649' title='bbox 1050 5553 1150 5613; x_wconf 91' lang='lat' dir='ltr'><strong>XXII.</strong></span> <span class='ocrx_word' id='word_1_650' title='bbox 1174 5556 1249 5630; x_wconf 90' lang='grc'>554,</span> <span class='ocrx_word' id='word_1_651' title='bbox 1277 5555 1378 5646; x_wconf 86' lang='grc'>111355</span> <span class='ocrx_word' id='word_1_652' title='bbox 1402 5558 1464 5615; x_wconf 89' lang='grc'>204</span> <span class='ocrx_word' id='word_1_653' title='bbox 1487 5575 1514 5635; x_wconf 92' lang='lat' dir='ltr'><strong>p.</strong></span> <span class='ocrx_word' id='word_1_654' title='bbox 1540 5558 1630 5616; x_wconf 89' lang='lat'><strong>1483.</strong></span> <span class='ocrx_word' id='word_1_655' title='bbox 1654 5588 1695 5598; x_wconf 95' lang='lat'><em>-</em></span> <span class='ocrx_word' id='word_1_656' title='bbox 1717 5555 1810 5631; x_wconf 81' lang='lat' dir='ltr'>„Cum</span> <span class='ocrx_word' id='word_1_657' title='bbox 1832 5555 1872 5614; x_wconf 89' lang='lat' dir='ltr'>sis</span> <span class='ocrx_word' id='word_1_658' title='bbox 1895 5553 2073 5632; x_wconf 85' lang='lat' dir='ltr'>praeditus“.</span> 
     </span>
    </p>
   </div>
   <div class='ocr_carea' id='block_1_19' title="bbox 0 0 2463 6372">
    <p class='ocr_par' dir='ltr' id='par_1_20' title="bbox 0 0 2463 6372">
     <span class='ocr_line' id='line_1_58' title="bbox 0 0 2463 6372; baseline 0 0"><span class='ocrx_word' id='word_1_659' title='bbox 0 0 2463 6372; x_wconf 95' lang='lat' dir='ltr'> </span> 
     </span>
    </p>
   </div>
  </div>
 </body>
</html>
