4890 6382
517 389 1315 485 1111111.(111111111111111.
1371 391 1678 464 111-1111
1826 385 1827 388 ‘
2007 395 2078 466 421

536 626 643 692 1160.
668 629 747 705 (11.
770 631 1062 706 1.-1.1Ρι.-1,
1078 640 1160 712 poa.
1182 593 1212 692 as
1232 637 1259 692 1.
1273 646 1340 690 -1,
1356 635 1412 690 oa.
1429 667 1459 675 -
1473 633 1516 708 2.)

120 727 269 787 111119.
346 730 460 810 Papiae
559 734 662 793 14442
678 733 791 808 (9384)
813 734 965 794 Ecclesiae
980 735 1247 796 Hildesheimeusis
1269 736 1482 813 protectionem
1506 735 1637 814 suscipit,
1660 736 1920 812 possessionesque
1942 754 1977 794 ac
1993 737 2081 814 privi-

599 817 680 893 legia
701 817 863 878 confirmat.
899 820 934 878 Iu
957 821 1073 880 schedis
1095 822 1245 881 societatis
1261 822 1338 880 Mon.
1354 822 1464 880 Germ:
1488 822 1592 895 „XIIL
1615 821 1674 880 kal.
1690 821 1781 879 Dec.“
1803 821 1839 880 cf.
1855 821 1954 879 Neues
1970 823 2081 880 Archiv

600 904 666 961 vll.
684 907 752 965 107.
784 904 999 982 (0111111111.
1022 908 1076 964 HI.
1098 909 1173 968 450:
1196 909 1297 980 „XIIL
1320 908 1378 966 kal.
1401 906 1492 980 Oct.“,
1515 907 1614 966 Neues
1636 907 1748 965 Archiv
1764 907 1814 966 IV.
1831 909 1884 966 66:
1907 907 2007 981 „VIIL
2023 909 2081 968 kal.

601 989 696 1064 Oct.“)
719 1023 760 1032 -—
783 990 890 1064 „Iustis
912 993 1077 1070 petentium
1100 993 1280 1052 desideriis“.

560 1077 663 1136 14413
686 1075 939 1155 Arcbiepiscopis,
966 1079 1124 1155 episeopis,
1157 1079 1328 1151 abbatibus,
1351 1078 1541 1156 praepositis,
1569 1078 1785 1137 archidiaconis
1807 1082 1837 1136 et
1859 1078 1925 1136 aliis
1948 1080 2081 1156 personis

601 1161 820 1234 ecclesiasticis,
849 1163 987 1236 ducibus,
1019 1163 1192 1238 baronibus,
1224 1163 1381 1223 comitibus
1404 1169 1433 1222 et
1462 1165 1607 1222 universis
1630 1163 1741 1222 Christi
1764 1163 1900 1222 fidelibus
1924 1165 2080 1241 significat,

527 1318 539 1330 N
601 1247 757 1306 ecclesiam
778 1248 834 1306 Dei
858 1267 911 1326 per
932 1249 1100 1308 Rolandum
1124 1251 1246 1327 eiusque
1269 1269 1410 1327 sequaces
1432 1249 1559 1308 simonia
1577 1255 1611 1308 ’11
1633 1250 1771 1327 periuriis
1793 1250 1945 1324 maculari,
1969 1251 2082 1309 cancel-

539 1399 541 1403 ,
600 1333 706 1391 larium
728 1334 834 1392 merito
856 1353 935 1393 nuuc
957 1336 1056 1395 vocari
1079 1337 1331 1409 „carcerariam“,
1354 1336 1553 1413 episcopatus,
1584 1336 1751 1412 legationes
1774 1341 1804 1394 et
1826 1336 1960 1412 singulas
1983 1336 2078 1413 digui-

602 1424 678 1477 tates
701 1420 811 1494 „quasi
832 1420 966 1480 iumenta
987 1421 1035 1480 vel
1057 1439 1166 1499 pecora
1187 1422 1302 1480 vendit
1345 1421 1468 1494 Narrat,
1492 1421 1558 1480 illos
1581 1421 1700 1479 vivente
1728 1421 1825 1480 adhuc
1847 1440 1926 1499 papa
1947 1423 2080 1480 Adriano

601 1523 665 1562 1111
688 1506 858 1564 coniurasse
881 1511 911 1564 et
933 1525 1026 1565 unum
1048 1508 1084 1565 de
1107 1508 1268 1566 coniuratis
1291 1525 1399 1585 papam
1421 1507 1617 1580 constituisse,
1641 1507 1759 1566 foedere
1783 1527 1848 1566 cum
1872 1508 1970 1566 Siculo
1993 1509 2078 1584 (rege

517 1595 520 1646 1
601 1590 753 1648 Willelmo
775 1591 813 1666 Ι.)
837 1597 867 1650 11
889 1592 1160 1652 Mediolanensibus
1191 1595 1283 1664 11111;
1316 1611 1406 1670 seque
1433 1593 1529 1670 ipsum
1556 1593 1708 1652 multoties
1735 1594 1773 1651 ab
1804 1595 1847 1652 eis
1870 1598 1899 1651 et
1921 1595 2080 1672 praecipue

601 1676 793 1736 aWillelmo
820 1677 959 1755 Papiensi
987 1679 1136 1755 quondam
1168 1680 1310 1738 cardinali
1334 1681 1393 1754 (tit.
1415 1680 1443 1738 8.
1464 1679 1545 1738 Petri
1568 1679 1605 1737 ad
1628 1679 1760 1754 vincula)
1784 1679 1821 1737 ad
1844 1680 2080 1739 coniurationem
2154 1693 2156 1698 ’

601 1762 760 1820 invitatum
782 1764 882 1821 fuisse.
926 1764 1069 1842 „Propter
1091 1767 1223 1838 eorum“,
1246 1766 1356 1841 iuquit,
1384 1765 1585 1843 „rapacitates
1608 1771 1639 1824 et
1660 1766 1916 1824 manifestissimas
1939 1766 2080 1825 simonias

517 1903 519 1920 ,
600 1849 672 1906 ordo
696 1848 913 1908 ecclesiasticus
936 1851 1031 1908 factus
1053 1856 1099 1909 est
1121 1852 1150 1909 in
1174 1851 1305 1910 derisum
1327 1857 1357 1910 et
1378 1852 1409 1909 iu
1432 1851 1621 1929 proverbium
1642 1853 1774 1910 omnium
1796 1851 1961 1928 regionum.
1995 1851 2079 1910 Com·

517 1929 519 1950 ³
600 1940 764 2011 posuerunt
785 1935 822 1993 de
845 1935 886 1993 111
909 1936 1088 1994 cantilenam
1111 1942 1141 1996 ct
1163 1937 1281 1996 diversa
1303 1938 1434 1996 carmina
1449 1937 1569 2016 plurimi
1591 1937 1682 2008 stulti,
1705 1938 1756 2014 qui
1778 1937 1809 1994 in
1824 1936 1939 1996 choreis
1962 1943 1992 1995 et
2006 1938 2079 1995 loeis

518 2013 519 2036 ²
601 2019 768 2078 forensibus
790 2039 844 2099 per
865 2021 977 2080 Gallias
1000 2027 1030 2080 11
1051 2041 1105 2099 111
1131 2023 1250 2082 ltaliam
1278 2024 1439 2083 decantant
1465 2029 1496 2082 11
1523 2022 1705 2084 sacerdotale
1736 2023 1865 2086 cilicium
1895 2024 2006 2082 factum
2034 2029 2079 2081 est

600 2105 725 2164 materia
752 2107 956 2166 histrionum“.
999 2108 1155 2181 Friderici,
1177 2110 1379 2168 Romanorum
1406 2107 1665 2183 „christianissimi
1693 2109 1916 2186 imperatoris“,
1948 2108 2079 2167 studium

600 2209 672 2268 erga
694 2192 858 2250 Romanam
881 2193 1035 2252 ecclesiam
1061 2194 1173 2253 laudat.
1216 2195 1356 2254 Liverani
1378 2195 1570 2272 Spicilegium
1592 2194 1783 2252 Liberianum
1806 2213 1834 2271 p.
1858 2196 1918 2252 763
1925 2240 1932 2268 ,
1959 2194 2079 2271 Pflugk·

600 2276 754 2354 Harttung
775 2279 852 2337 Acta
873 2280 912 2337 II.
936 2282 1006 2339 378.
1030 2313 1071 2322 -
1094 2281 1371 2354 „Schismaticcrum
1394 2283 1514 2340 sectas“.

404 2399 419 2429 ,,
559 2364 663 2421 14444
679 2365 792 2440 (9385)
813 2364 1183 2425 11111111181111111111
1200 2368 1408 2444 Bergomatem
1424 2367 1565 2426 tuendam
1580 2365 1710 2442 suscipit,
1732 2365 1855 2442 eiusque
1871 2365 1949 2422 bona
1964 2370 1994 2422 et
2012 2365 2078 2422 iura

601 2448 762 2524 confirmat,
777 2456 898 2529 1111111
908 2451 1058 2510 Adelardc
1068 2453 1283 2512 archidiacono.
1306 2453 1381 2530 Lupi
1392 2451 1612 2527 1111111.
1624 2452 1765 2509 1111-
1780 2449 1959 2524 „Commisso
1968 2451 2080 2509 nobis“.

517 2547 520 2578 l

518 2591 633 2666 ‘nar
657 2604 740 2702 (aa
759 2604 831 2666 1.-
847 2616 888 2664 1.
898 2609 969 2679 111.
984 2640 1014 2648 -
1028 2609 1075 2678 rc,
1092 2615 1172 2685 pona.
1195 2629 1220 2665 a.
1244 2609 1271 2668 2.
1286 2640 1316 2648 -
1331 2621 1355 2663 a.
1370 2609 1428 2664 oa.
1442 2641 1472 2652 -
1486 2609 1530 2684 a.)

123 2697 186 2755 18¹¹·
221 2700 270 2757 16·
343 2697 465 2758 Taurini
561 2708 663 2765 14445
680 2707 791 2781 (9405)
814 2709 1049 2784 „ll(berhardo),
1072 2709 1280 2786 salzburgensi
1302 2711 1539 2788 archiepiscopo,
1570 2710 1693 2785 eiusque
1716 2707 1912 2783 suffraganeis
1934 2707 2079 2784 episcopis

601 2797 631 2850 et
653 2792 769 2852 dilectis
790 2794 860 2852 filiis
883 2795 1048 2868 abbatibus,
1071 2797 1238 2873 prepositis,
1261 2797 1380 2856 decania
1399 2801 1429 2855 11
1451 2797 1518 2854 aliis
1533 2795 1725 2875 ecclesiarum
1748 2793 1869 2870 prelatis
1884 2811 1936 2871 per
1951 2792 2078 2851 eundem

600 2879 887 2956 archiepiscopatum
909 2881 1077 2940 constitutis
1099 2883 1226 2940 salutem
1249 2887 1280 2942 et
1300 2883 1494 2959 apostolicam
1517 2881 1763 2940 benedictionem,
1791 2879 1906 2936 Divinis
1928 2879 2078 2936 humanis-

603 2983 661 3040 que
683 2965 848 3024 rationibus
870 2985 1032 3026 consonum
1053 2969 1196 3045 probatur
1218 2973 1248 3027 11
1270 2974 1510 3041 consentaneum,
1533 2968 1723 3028 menbrorum
1738 2965 1826 3023 saluti
1849 2970 1938 3042 caput
1953 2963 2078 3022 sollicite

601 3050 757 3127 providere
780 3057 810 3109 et
832 3053 870 3109 ad
892 3053 1105 3112 subiectionem
1128 3059 1158 3112 11
1180 3054 1357 3114 famulatum
1379 3056 1424 3114 sui
1448 3055 1554 3132 capitis
1569 3053 1693 3114 menbra
1708 3050 1892 3108 concorditer
1911 3051 2077 3122 convenire,

600 3154 655 3194 uec
677 3136 715 3194 ab
738 3137 801 3195 eius
824 3138 969 3196 institutis
990 3143 1021 3197 et
1043 3140 1155 3216 regulis
1177 3140 1326 3199 ullatenus
1348 3141 1477 3200 deviare.
1506 3140 1589 3198 Nulli
1605 3137 1750 3215 siquidem
1767 3136 1978 3194 catholicorum
1994 3141 2078 3194 extat

599 3222 772 3297 ambiguum
794 3223 928 3300 nullique
959 3225 1048 3283 debet
1072 3244 1137 3284 esse
1158 3226 1354 3303 incognitum,
1387 3232 1606 3286 sacrosanctam
1628 3225 1792 3282 Romanam
1821 3227 1851 3280 11
1881 3221 2074 3299 apostolicam

600 3307 754 3366 ecclesiam
782 3309 822 3366 ab
853 3310 917 3387 ipso
948 3310 1068 3369 domino
1098 3316 1129 3370 et
1158 3313 1307 3372 salvatore
1337 3319 1439 3372 nostro
1470 3312 1618 3389 accepisse
1645 3310 1814 3388 primatum.
1860 3307 1943 3366 Unde
1971 3307 2077 3365 merito

600 3393 688 3450 cardo
711 3399 741 3451 et
763 3399 853 3471 caput
874 3396 1005 3454 omnium
1033 3397 1224 3456 ecclesiarum
1247 3399 1372 3476 abipso
1395 3400 1543 3458 salvatore
1565 3399 1632 3456 Iesu
1656 3396 1774 3455 Christo
1796 3398 1841 3452 est
1862 3393 2013 3465 instituta,
2044 3397 2077 3449 ut

600 3479 676 3536 sicut
698 3479 818 3538 cardine
840 3480 968 3538 hostium
992 3483 1114 3558 regitur,
1136 3485 1180 3543 ita
1202 3485 1335 3544 eiusdem
1357 3491 1459 3544 sancte
1482 3485 1560 3543 sedis
1582 3483 1718 3542 doctrina
1733 3485 1762 3538 11
1777 3479 1955 3538 auctoritate
1974 3497 2077 3536 omnes

600 3565 742 3623 ecclcsiae
768 3565 896 3624 Domino
926 3567 1101 3644 disponente
1132 3575 1283 3646 regantur.
1327 3571 1411 3640 Quae
1438 3572 1513 3629 tales
1540 3570 1678 3628 nimirum
1705 3566 1761 3624 sibi
1784 3565 1889 3623 statuit
1910 3564 1986 3622 filios
2010 3582 2075 3642 pro·

600 3669 713 3724 creare,
737 3670 790 3728 per
811 3670 885 3728 quos
906 3653 1000 3711 veluti
1024 3673 1076 3730 per
1098 3655 1270 3733 columpnas
1292 3657 1458 3716 immobiles
1481 3657 1575 3735 possit
1597 3655 1627 3713 iu
1650 3672 1702 3712 suc
1725 3651 1870 3709 libertatis
1893 3649 2076 3707 sublimitate

600 3741 690 3812 atque
712 3737 816 3813 vigore
837 3737 949 3815 iugiter
969 3739 1145 3798 inconcussa
1166 3743 1279 3801 servari
1306 3748 1336 3800 et
1363 3763 1429 3802 eum
1454 3744 1562 3801 fluctus
1585 3741 1692 3800 erroris
1715 3743 1745 3796 et
1767 3737 1925 3810 scismatis,
1957 3735 2076 3793 diabolo

600 3829 742 3881 consueta
763 3841 880 3881 venena
901 3824 1051 3898 fundente,
1074 3827 1193 3886 fortiter
1213 3829 1417 3902 intumuerint,
1440 3847 1542 3887 eorum
1557 3827 1713 3904 vigilantia
1736 3830 1765 3881 et
1787 3822 1934 3880 industria
1956 3821 2076 3879 valeant

600 3908 765 3967 auxiliante
788 3909 906 3967 domino
929 3910 1051 3988 reprimi
1073 3917 1103 3969 11
1125 3914 1327 3990 tranquillitas
1342 3915 1485 3973 ecelesiae
1501 3915 1626 3972 celerius
1642 3910 1804 3970 reformari.
1834 3908 1953 3976 Quanto
1975 3911 2075 3964 autem

600 4012 699 4053 errore
722 4001 752 4052 11
774 3995 911 4054 scismate
934 3997 1067 4074 predicta
1089 4004 1184 4057 mater
1199 4004 1299 4058 vestra
1320 4019 1374 4077 per
1388 4000 1515 4059 Rolandi
1538 3998 1700 4076 symoniaci
1723 4002 1753 4054 et
1775 3993 1921 4052 invasoris
1943 4011 2075 4051 suorum-

600 4098 657 4155 que
680 4081 867 4158 complicium
890 4083 1124 4159 conspirationes
1151 4089 1181 4142 et
1203 4086 1358 4144 mendacia
1385 4093 1415 4144 et
1442 4086 1574 4163 periuria
1595 4082 1784 4143 ccncuciatur
1806 4085 1835 4138 11
1857 4079 2013 4154 fatigetur,
2045 4083 2075 4136 11

600 4183 688 4240 quam
710 4167 875 4224 manifestis
903 4169 1059 4244 symoniis,
1090 4171 1305 4247 rapacitatibus
1332 4177 1362 4229 11
1388 4171 1566 4250 importunis
1589 4168 1806 4238 exactionibus,
1840 4165 1918 4242 quod
1942 4164 2076 4223 dolentes

600 4250 731 4325 dicimus,
754 4252 897 4311 hactenus
919 4273 972 4330 per
994 4255 1112 4314 eosdem
1135 4257 1225 4314 fuerit
1246 4257 1419 4330 deformata,
1442 4263 1559 4316 vestrae
1575 4254 1744 4314 discretioni
1767 4251 1988 4310 concredimus
2011 4267 2075 4308 esse

600 4338 756 4411 occultum,
779 4357 846 4396 cum
868 4339 927 4396 iam
950 4359 1048 4398 rerum
1071 4343 1257 4418 experientia
1279 4343 1447 4419 celebrique
1462 4345 1542 4402 fama
1557 4335 1737 4420 predicante,
1759 4339 1820 4396 1111
1836 4337 2075 4415 peruniversum

599 4423 700 4480 orbem
723 4424 761 4481 sit
783 4425 933 4500 cognitum
957 4430 987 4484 et
1009 4426 1203 4503 divulgatum.
1233 4428 1278 4486 De
1301 4435 1385 4487 tanta
1406 4430 1499 4505 igitur
1521 4429 1712 4488 concussione
1735 4430 1765 4483 et
1786 4424 1913 4481 scissura
1933 4421 2075 4480 ecclesiae

599 4507 758 4583 plurimum
786 4509 921 4568 dolentes
948 4516 978 4568 et
1004 4512 1042 4570 ad
1070 4517 1181 4571 statum
1203 4515 1391 4573 rectitudinis
1413 4515 1513 4573 omnia
1539 4514 1640 4572 reduci
1663 4512 1827 4590 cupientes,
1858 4508 2075 4566 communicato

599 4593 724 4650 fratrum
755 4600 924 4653 nostrorum
954 4598 1159 4674 episcoporum
1190 4604 1220 4658 et
1250 4597 1445 4659 cardinalium
1472 4601 1632 4659 multorum
1655 4604 1685 4657 et
1716 4596 1921 4673 religiosorum
1944 4593 2075 4666 consilio,

600 4679 761 4753 dominica,
785 4699 845 4756 qua
867 4687 1004 4740 cantatur
1025 4682 1135 4741 Vocem
1159 4685 1350 4745 iocunditatis
1372 4687 1435 4762 (21.
1458 4686 1556 4760 Maii),
1587 4685 1727 4762 generale
1750 4681 1907 4741 concilium
1930 4679 2075 4738 Cremoue

599 4765 756 4824 statuimus
778 4766 996 4830 celebrandum.
1025 4768 1073 4826 ad
1096 4770 1174 4846 quod
1197 4772 1383 4831 venerabiles
1405 4773 1512 4831 iratres
1526 4777 1643 4831 nostros
1658 4771 1808 4848 primates,
1830 4766 2075 4844 archiepiscopos,

599 4849 730 4922 abbates,
752 4853 930 4930 prepositos,
954 4854 1093 4928 decanos,
1116 4856 1249 4933 aliosque
1271 4859 1463 4917 ecclesiarum
1485 4859 1615 4936 prelatos
1638 4857 1674 4916 de
1696 4856 1835 4914 universo
1858 4853 1929 4910 orbe
1951 4852 2074 4928 dignum

599 4935 737 4994 duximus
760 4939 974 5013 convocandos,
997 4960 1123 5016 quorum
1144 4943 1267 5002 consilio
1290 4949 1321 5002 et
1341 4945 1518 5003 auctoritate
1540 4949 1603 5003 rete
1617 4944 1698 5000 Petri
1718 4939 1916 5000 exuberantia
1930 4939 2075 4996 malcrum

598 5021 786 5097 aliquatenus
813 5025 936 5082 scissum
964 5027 1143 5087 resarciatur
1169 5034 1200 5087 et
1225 5030 1324 5088 unitas
1346 5031 1488 5090 ecclesiae
1515 5031 1633 5090 domino
1662 5031 1839 5105 cooperante
1867 5023 2075 5082 consolidetur.

599 5107 744 5176 Quocirca
765 5109 945 5168 iratemitati
968 5117 1085 5172 vestrae
1108 5132 1161 5190 per
1182 5116 1345 5192 apostolica
1367 5116 1477 5194 scripta
1498 5117 1681 5189 mandamus,
1704 5121 1734 5173 et
1756 5114 1786 5170 in
1809 5113 1919 5170 virtute
1937 5109 2074 5168 obedion-

600 5193 660 5252 tiae
686 5195 865 5254 auctoritate
891 5196 1046 5256 beatorum
1074 5200 1275 5276 apostolorum
1297 5202 1379 5260 Petri
1401 5208 1431 5261 et
1453 5202 1539 5261 Pauli
1564 5202 1689 5260 firmiter
1710 5198 1902 5278 precipimus,
1934 5195 2074 5273 quatinus

598 5280 636 5337 ad
657 5281 717 5338 iarn
740 5281 851 5339 dictum
874 5283 1030 5341 concilium
1052 5285 1083 5342 in
1106 5285 1219 5362 prefixo
1241 5288 1380 5362 termino,
1403 5289 1482 5347 omni
1505 5289 1658 5348 occasione
1679 5284 1855 5364 postposita,
1878 5279 2018 5354 veniatis,
2040 5284 2074 5338 ut

598 5384 655 5442 que
677 5367 854 5443 corrigenda
876 5373 945 5426 sunt
967 5370 1163 5446 corrigantur,
1185 5374 1345 5432 statuenda
1366 5379 1544 5448 statuantur,
1567 5380 1597 5432 et
1619 5391 1676 5449 que
1698 5371 1828 5431 tenenda
1849 5369 1969 5442 fuerint,
1992 5369 2073 5424 invo-

598 5455 665 5510 cata
687 5454 808 5531 spiritus
831 5455 925 5513 sancti
948 5456 1053 5532 gratia,
1076 5459 1225 5516 communi
1248 5477 1391 5518 consensu
1415 5464 1574 5519 teneantur
1596 5465 1625 5518 et
1648 5460 1866 5517 confirmentur.
1897 5455 2073 5529 Quicunque

598 5538 676 5594 enim
699 5544 760 5597 tam
782 5541 952 5600 venerando
975 5547 1005 5600 et
1027 5548 1129 5602 sancto
1151 5544 1276 5602 coneilio
1298 5564 1330 5603 se
1352 5545 1527 5606 subtrahere
1549 5546 1769 5624 presumpserit,
1791 5544 1871 5600 illius
1886 5559 1993 5600 11111
2008 5555 2071 5597 1111
