4852 6382
829 353 1108 445 Supplemontum
1137 355 1356 446 regestorum.
2004 351 2076 423 759

536 591 642 657 1148.

121 701 200 778 Sept.
242 701 270 758 3.
344 699 466 756 Brixiae
559 700 671 758 99919
693 699 947 777 archiepiscopos,
975 701 1137 778 episcopos,
1166 700 1289 758 abbates
1312 705 1342 756 et
1365 699 1519 758 universos
1547 697 1738 757 ecclesiarum
1766 699 1915 777 praelatos
1936 699 2081 772 hortatur,

518 775 520 850 1
601 789 634 842 ut
665 786 807 862 populum
838 785 894 844 sibi
923 787 1111 844 commissum
1138 787 1175 844 ad
1203 787 1354 844 iaciendas
1382 785 1520 843 collectas
1548 784 1579 842 in
1607 785 1739 844 savorem
1769 785 2005 864 Templariorum
2031 785 2081 843 ad·

601 877 750 931 moneant.
787 872 844 939 Qui
867 872 1016 931 incorum
1039 873 1256 931 fraternitatem
1279 871 1428 946 introierit
1450 871 1537 948 eique
1555 871 1709 930 aunuatim
1732 870 1876 930 beneficia
1897 871 2081 949 persolverit,

602 957 630 1014 91
644 958 802 1035 septimam
823 964 939 1036 partem
953 959 1104 1018 iniunctae
1120 959 1321 1036 poeniteutiae
1337 959 1461 1030 relaxat,
1477 962 1531 1016 991.
1568 957 1704 1016 Ferreira
1725 957 1812 1017 Mem.
1827 959 1881 1017 dos
1897 957 2081 1036 Templarios

602 1044 624 1100 I.
647 1061 681 1102 11.
706 1045 777 1105 765.
801 1077 841 1086 ——
865 1043 993 1117 „Milites
1016 1044 1117 1122 templi
1141 1044 1433 1122 Hierosolymitani“.

518 1183 519 1218 ,
560 1131 674 1188 99979
706 1130 897 1204 Sententiam,
930 1151 989 1209 qua
1017 1132 1069 1190 Iro
1102 1132 1250 1206 quondam
1282 1131 1437 1209 opiscopus
1465 1129 1656 1188 carnotensis
1684 1130 1864 1188 monasterio
1891 1129 2081 1189 columbensi

517 1247 519 1250 ·
602 1215 757 1274 eeclesiam
781 1216 817 1274 (19
833 1216 1003 1276 Villemcux
1025 1217 1248 1275 adiudioaverat
1271 1223 1376 1276 contra
1397 1215 1548 1274 abbatiam
1571 1216 1598 1274 S.
1613 1216 1695 1274 Aviti
1715 1215 1991 1290 castrodunensem,
2015 1233 2081 1273 con·

601 1301 706 1360 firmat.
752 1303 857 1360 Merlet
881 1303 956 1361 llist.
981 1304 1017 1361 de
1039 1304 1126 1361 l’abb.
1150 1303 1186 1361 (19
1208 1303 1366 1362 Conlombs
1389 1323 1416 1380 p.
1435 1304 1484 1360 94.
1528 1302 1610 1359 Misit
1631 1303 1667 1360 A.
1689 1301 1806 1362 Olerval
1829 1303 2028 1362 carnotensis.

561 1386 674 1463 999711
694 1390 876 1446 Sententiam
905 1391 1032 1448 Simonis
1055 1391 1091 1447 (19
1114 1390 1257 1447 Montsort
1284 1409 1373 1467 super
1395 1389 1510 1448 falsatis
1538 1388 1632 1446 titulis
1655 1389 1829 1447 monialium
1851 1390 1888 1446 de
1910 1389 2080 1447 Villemeux

603 1475 765 1532 confirmat.
802 1474 908 1533 Mcrlet
934 1477 1011 1533 Ilist.
1040 1476 1076 1533 de
1099 1475 1186 1534 l’abb.
1208 1476 1245 1533 de
1267 1475 1427 1533 Ooulombs
1449 1495 1477 1552 p.
1494 1477 1542 1533 94.
1586 1473 2081 1534 Μ1911Α.01999910999919999.

536 1608 639 1674 1150.

126 1734 190 1790 [leo.
242 1736 269 1790 s.
332 1731 486 1789 Ferentini
560 1734 673 1790 94919
697 1733 791 1806 (9511
816 1738 936 1792 nostrae
959 1733 1043 1808 edit.)
1075 1733 1228 1792 Fmtribus
1251 1733 1475 1792 alciacensibus
1506 1733 1636 1807 mandat,
1669 1738 1702 1792 91
1733 1734 1890 1812 privilegia
1916 1733 1943 1792 S.
1966 1732 2081 1792 Bortini

601 1819 757 1876 Sithiensis
779 1818 816 1877 de
839 1819 983 1878 electione
1011 1821 1153 1878 abbatum
1176 1820 1394 1878 alciacensium
1423 1821 1589 1880 observent.
1634 1821 1805 1879 Frumentin
1832 1820 1917 1878 Mssai
1940 1819 2008 1878 hist.
2031 1838 2081 1877 sur

601 1904 643 1961 199
667 1904 757 1961 abbeie
780 1906 816 1962 do
836 1906 863 1964 S.
878 1906 971 1964 Silvin
994 1905 1129 1982 d'Auchy
1153 1926 1179 1984 p.
1196 1909 1244 1980 96,
1268 1912 1343 1964 19919
1366 1906 1519 1983 llaignere
1541 1907 1599 1965 Les
1622 1906 1739 1964 91199199
1762 1906 1798 1964 (19
1821 1906 1977 1964 St-Bertin
1992 1908 2015 1964 I.
2031 1907 2081 1979 91,

518 2039 520 2100 1
602 1989 651 2046 nbi
675 1989 875 2066 fragmentum
897 1992 1016 2068 legitur.
1060 1992 1150 2066 (Vide
1173 1993 1262 2049 etiam
1287 1993 1349 2050 lolr.
1370 1993 1468 2068 Longi
1492 1991 1592 2051 chron.
1615 1993 1645 2050 in
1668 1992 1735 2051 MG.
1757 1993 1805 2052 SS.
1825 1992 1921 2051 XXV.
1938 1993 2023 2066 801.)
2040 2023 2080 2034 -

518 2107 520 2202 1
601 2075 808 2152 „apostolicae
830 2077 908 2135 sedis
931 2078 1005 2136 cui“.

295 2087 297 2140 Ι

295 2143 297 2252 1
536 2208 628 2273 1145
637 2209 784 2274 41159.

122 2333 197 2391 Nor.
223 2337 270 2392 11.
559 2332 671 2390 95059
694 2332 869 2392 *Fratribus
891 2335 918 2392 S.
940 2334 1082 2392 iohannis
1105 2334 1384 2411 liiorosolyrnitanis
1414 2335 1525 2392 donata
1546 2353 1564 2392 a
1586 2334 1705 2393 Simone
1727 2354 1771 2407 ea,
1800 2353 1876 2412 quae
1898 2335 2028 2393 habebat
2051 2335 2080 2393 iu

601 2418 792 2492 Montosourt,
816 2425 846 2478 91
867 2421 987 2479 domum
1011 2421 1140 2479 (1911919
1164 2427 1194 2478 et
1217 2441 1293 2498 quae
1316 2422 1345 2478 in
1370 2422 1491 2479 seudum
1515 2421 1638 2480 tenebat
1659 2422 1697 2479 ab
1713 2421 1836 2479 'Eudone
1852 2421 1889 2479 de
1904 2421 1991 2494 Ham,
2015 2440 2082 2479 con-

600 2504 706 2563 firmat.
751 2505 890 2564 Secheris
905 2507 1026 2566 Notices
1049 2512 1079 2564 91
1101 2509 1226 2565 99199119
1249 2508 1301 2564 (199
1324 2509 1438 2566 docum.
1460 2508 1545 2565 relat.
1567 2510 1586 2565 b
1608 2507 1696 2566 l'hist.
1719 2508 1756 2566 (19
1778 2507 1808 2565 19
1826 2507 1962 2565 Picardie
1977 2508 2015 2565 II.
2031 2509 2082 2566 44.

294 2581 297 2742 1
517 2595 635 2704 ‘1152

124 2762 193 2839 Apr.
220 2766 268 2822 99.
294 2757 505 2846 1Ρ191ο9199(1)
559 2765 672 2822 95999
694 2762 868 2822 *Fratribus
884 2763 987 2841 templi
1003 2763 1268 2841 Hierosolymitani
1284 2783 1455 2824 concessum
1471 2784 1489 2823 a
1504 2764 1654 2824 Ludarico
1670 2765 1850 2822 Francorum
1866 2781 1936 2840 rege
1951 2767 2081 2822 castrum

295 2873 296 2926 1
602 2853 632 2906 91
647 2849 851 2907 castellaniam
867 2850 903 2907 (19
919 2850 1028 2908 Baaecs
1045 2869 1112 2909 cum
1135 2851 1329 2928 pertinentiis,
1357 2851 1388 2909 in
1412 2851 1575 2929 Aquitania
1597 2851 1693 2924 sitam,
1721 2851 1840 2927 aliaque
1864 2850 2021 2926 privilegia
2043 2849 2081 2907 ab

294 2951 297 3034 1
602 2935 666 3011 ipso
689 2936 807 2993 indulta
829 2936 989 2994 confirmat.
1027 2937 1138 3011 (Huius
1161 2937 1268 3010 bullae,
1292 2939 1339 2995 cui
1355 2956 1477 3014 parvam
1492 2937 1580 2995 fidem
1595 2937 1747 3010 habemus,
1770 2941 1920 3012 regestum
1944 2936 2081 3013 praebet)

294 3043 297 3133 1
603 3020 736 3079 11999991
758 3021 921 3080 Sammaire
944 3023 996 3080 des
1021 3023 1116 3100 privil.
1139 3023 1176 3081 de
1198 3022 1305 3081 l’ordre
1328 3023 1364 3081 (19
1387 3025 1426 3081 St.
1450 3024 1527 3083 Jcan
1550 3043 1577 3100 p.
1602 3026 1640 3082 17
1665 3029 1695 3081 91
1719 3025 1767 3081 18.

351 3105 472 3180 Signiae
518 3079 520 3208 1
563 3108 676 3165 95839
707 3107 881 3166 Μο99919911
913 3109 940 3166 S.
972 3108 1085 3166 Mariae
1121 3109 1150 3166 im
1182 3110 1298 3167 Horrea
1330 3109 1540 3185 (Trevirensis)
1577 3109 1775 3188 patrocinium
1806 3107 1936 3185 suscipit.
1989 3106 2082 3165 Goerz

518 3209 520 3256 1
604 3192 746 3251 1111191911.
769 3194 842 3270 Reg.
864 3194 915 3252 IV.
933 3196 993 3253 705
1016 3213 1045 3253 n.
1067 3197 1158 3254 9981.
1203 3196 1445 3272 (autographum
1468 3201 1514 3254 est
1535 3214 1626 3272 penes
1649 3195 1725 3253 dom.
1748 3195 1816 3252 Ficr
1837 3195 1868 3251 in
1890 3193 1972 3251 Zella
1993 3212 2081 3272 supra

603 3278 781 3353 Mosellam.)

539 3411 640 3477 1153.

123 3533 208 3591 Mart.
241 3537 268 3591 4.
295 3593 296 3612 ,
337 3533 478 3591 Laterani
518 3547 521 3677 1
560 3537 674 3593 97199
697 3535 847 3594 Ecclesiae
869 3536 896 3595 S.
912 3537 1024 3595 Mariae
1040 3536 1238 3612 Magdalenae
1254 3537 1500 3597 castrodunensis
1523 3539 1646 3596 tutelam
1669 3535 1801 3614 suscipit,
1823 3537 2081 3614 possessionesque

295 3619 297 3636 ⁸
518 3683 519 3692 ,
603 3621 765 3695 confirmat,
798 3627 918 3698 11919919
946 3623 1102 3681 Fnloherio
1130 3623 1246 3681 abbate.
1296 3625 1430 3682 Bourdas
1458 3625 1534 3683 11191.
1562 3643 1663 3682 999191.
1686 3623 1725 3682 (19
1748 3623 1862 3680 Dunois
1884 3624 1922 3681 ll.
1946 3625 2016 3682 9111.
2044 3656 2077 3664 -

295 3693 297 3760 l
518 3699 520 3748 ¹
603 3707 767 3778 „Effectum
790 3708 868 3766 iuste
891 3709 983 3786 (legez
1007 3709 1099 3782 iusta)
1122 3710 1366 3786 postulantibus“.

122 3105 190 3162 lllai.
221 3109 269 3164 27.

895 4232 1275 4319 ANASTASIUS
1303 4236 1376 4320 lv.
1434 4234 1717 4318 rrae-1154.

534 4337 635 4402 1153.

557 4459 588 4516 19
611 4462 781 4536 praesentia
795 4462 895 4519 damni
919 4481 1014 4540 popae
1037 4467 1067 4520 et
1090 4463 1180 4521 tatius
1203 4463 1303 4521 curiae
1318 4463 1458 4521 Nicolaus
1481 4463 1573 4521 abbas
1589 4461 1850 4540 Oriptae-ferratae
1865 4462 1982 4521 Ubuldo
2000 4481 2079 4541 pres·

600 4544 705 4620 bytero
728 4548 872 4605 cardinali
895 4549 939 4607 tit.
962 4549 989 4606 S.
1012 4549 1157 4607 Praxedis
1180 4549 1399 4608 concessionem
1428 4548 1508 4607 facit.
1552 4549 1628 4606 Vide
1650 4549 1784 4608 instrum.
1807 4568 1854 4627 ap.
1877 4548 1999 4607 Galletti
2023 4548 2078 4606 Del

600 4631 755 4707 primicero
779 4653 806 4711 p.
829 4636 899 4693 310.

534 4763 777 4830 1153-1154.

516 4959 518 4982 ,
557 4888 671 4946 98999
702 4888 782 4946 *Sub
809 4889 999 4948 anathemate
1026 4891 1156 4963 mandat,
1188 4897 1222 4950 ut
1250 4890 1493 4949 Frohcmbaudus
1524 4897 1553 4949 et
1584 4891 1662 4949 iilius
1689 4890 1833 4968 Stephani
1859 4890 2026 4969 Gradulphi
2048 4895 2078 4948 et

516 5003 517 5036 r
600 4974 720 5050 quidam
743 4975 795 5033 alii
810 4975 941 5033 ablatam
963 4976 1073 5035 1919919
1096 4978 1241 5035 decimam
1257 4978 1399 5035 ecclesiae
1415 4979 1441 5035 S.
1457 4977 1620 5050 Sollemnis,
1643 4977 1682 5035 ad
1697 4976 1909 5034 monasterium
1926 4976 1953 5034 S.
1965 4975 2078 5034 Mariae

516 5089 518 5130 1
600 5059 741 5119 Blascnse
764 5062 934 5138 pertinenti,
957 5063 1125 5121 restituant.
1169 5063 1321 5139 atelanges
1344 5063 1502 5122 rl'arobeol.
1526 5069 1556 5121 et
1578 5063 1674 5121 d’bist.
1697 5062 1747 5121 Vl.
1771 5063 1842 5121 451.

534 5194 638 5259 1154.

121 5316 189 5374 Μ91.
218 5319 294 5418 971
335 5317 475 5376 Laterani
557 5319 671 5460 Silgilp
686 5318 842 5460 lFloclesine
871 5319 1018 5378 Gradensi
1040 5320 1230 5398 privilegium
1253 5321 1312 5380 dat.
1353 5322 1387 5378 In
1416 5320 1532 5379 schedis
1554 5319 1687 5378 Instituti
1710 5318 1868 5378 Austriaci.
1913 5318 2001 5376 Dedit
2023 5317 2075 5375 Th.

291 5419 294 5584 1
620 5422 647 5461 re
669 5423 704 5462 e.
