4806 6390
845 1325 1366 1474 PRAEFATIO.

271 1745 358 1859 Non
386 1782 512 1870 absque
545 1800 667 1870 magno
694 1775 808 1850 dolore
839 1778 983 1850 alterum
1016 1779 1107 1852 hunc
1133 1780 1357 1874 Regestorum
1386 1781 1514 1850 tomum
1551 1776 1586 1849 in
1624 1778 1733 1850 lucem
1761 1774 1981 1868 proferimus,
2018 1795 2092 1846 cum

115 1909 281 1981 Psunuu
307 1908 450 1995 Eueno,
476 1906 535 1998 qui
562 1909 651 1980 haud
681 1905 842 1999 exiguam
869 1905 980 1998 operis
1007 1910 1138 2000 partem
1157 1907 1308 2002 perfecit,
1334 1905 1515 1999 quominus
1542 1907 1582 1978 de
1610 1903 1778 1979 communi
1803 1905 1918 1978 labore
1946 1903 2093 1996 perlecto

115 2037 345 2127 absolutoque
372 2037 567 2122 laetaretur,
594 2037 750 2109 acerbum
779 2037 813 2108 et
839 2034 996 2126 iniquum
1029 2035 1139 2109 fatum
1171 2035 1392 2131 prohibuerit.
1447 2035 1513 2107 Sed
1540 2034 1613 2107 eius
1640 2032 1833 2107 memoriam
1867 2032 1978 2124 quoad
2004 2031 2092 2105 vive-

115 2188 197 2238 mus
224 2165 281 2259 pio
308 2185 439 2257 semper
465 2165 578 2238 animo
603 2163 847 2251 retinebimus,
863 2185 1044 2255 omnesque
1068 2165 1147 2239 illos
1174 2166 1234 2257 qui
1260 2186 1362 2259 opera
1389 2166 1432 2236 ab
1459 2184 1497 2236 eo
1523 2163 1559 2234 in
1581 2185 1747 2256 paparum
1770 2161 1914 2256 regestis
1941 2161 2094 2254 impensa

120 2293 265 2366 fruituri
292 2299 383 2380 sunt,
410 2297 604 2366 retenturos
630 2315 704 2367 esse
730 2315 791 2384 pro
818 2295 908 2366 certo
935 2293 1106 2366 babemus.

277 2423 368 2516 Opus
395 2423 485 2513 quod
513 2422 622 2496 socius
648 2426 764 2496 nostor
791 2422 1023 2516 imperfectum
1052 2422 1206 2514 reliquit,
1239 2423 1311 2518 ipse
1344 2418 1581 2517 perficiendum
1616 2420 1749 2514 suscepi
1756 2454 1764 2506 ;
1801 2443 1876 2493 cum
1908 2440 1986 2492 vero
2019 2439 2093 2512 per-

115 2573 249 2645 paucae
275 2553 492 2645 superessent
518 2552 658 2625 sohedae
684 2552 728 2624 ad
754 2551 840 2623 illud
874 2550 1097 2644 pertinentes,
1133 2556 1280 2643 quatuor
1311 2556 1381 2629 dere
1413 2556 1585 2630 mensibus
1621 2571 1705 2642 opus
1732 2554 1821 2634 erat,
1861 2551 1901 2621 ut
1936 2569 2022 2640 quae
2056 2547 2093 2619 in

117 2679 281 2772 Begestis
307 2679 386 2752 inde
413 2703 434 2752 a
461 2680 623 2773 Gregorio
651 2681 678 2752 Ι.
707 2680 749 2752 00
777 2679 963 2753 Iohannem
982 2679 1081 2752 VIII.
1112 2681 1342 2774 (590-882)
1371 2688 1433 2758 aut
1456 2682 1656 2777 corrigenda
1683 2683 1744 2752 aut
1770 2678 1960 2771 supplenda
1987 2678 2095 2760 orant,

115 2807 155 2879 in
183 2830 291 2880 unum
318 2808 524 2902 colligerem,
559 2808 816 2901 investigarem,
852 2807 1011 2902 typisque
1044 2809 1203 2882 mandata
1231 2833 1420 2906 purgarem.
1475 2815 1592 2903 Neque
1619 2812 1733 2882 tamen
1766 2807 1868 2880 altior
1901 2803 2094 2879 sollicitudo

116 2957 173 3009 me
200 2936 340 3023 deseth,
375 2958 418 3009 ne
453 2937 581 3011 seilicet
607 2937 658 3010 rei
693 2937 808 3009 exitus
843 2929 1112 3010 doctissimorum
1149 2939 1298 3013 virorum
1334 2941 1581 3037 exspectationi
1613 2961 1680 3012 non
1709 2936 1845 3010 omnino
1882 2933 2093 3029 respondeat.
2134 2963 2135 2966 ¹

117 3065 200 3138 Alio
226 3065 295 3137 iarn
321 3065 402 3150 loco,
429 3066 588 3140 benevole
614 3067 728 3150 lector,
757 3064 890 3138 veniam
918 3068 1012 3138 tuam
1039 3065 1219 3157 imploravi
1247 3070 1438 3162 iterumque
1456 3070 1610 3162 imploro,
1637 3069 1665 3140 si
1691 3089 1759 3158 qua
1776 3068 1838 3138 aut
1856 3062 2095 3158 praetermissa

117 3197 184 3266 aut
210 3193 297 3266 male
323 3197 472 3267 correcta
499 3196 553 3267 vel
579 3195 695 3268 addita
722 3217 742 3267 a
769 3215 822 3267 me
848 3214 920 3267 esse
947 3194 1240 3282 animadverteris;
1277 3220 1385 3291 neque
1421 3198 1509 3271 enim
1546 3197 1582 3269 in
1619 3197 1681 3268 hae
1716 3194 1826 3288 operis
1858 3195 1956 3287 parte
1991 3213 2096 3282 aeque

119 3345 199 3394 snm
227 3325 380 3396 versatus
406 3344 445 3396 00
470 3323 640 3416 lugendus
666 3324 900 3417 praedecessor
926 3345 1030 3395 meus.
1875 3295 1879 3303 ¹

222 3455 225 3464 '
276 3450 398 3523 Mende
424 3450 535 3524 inesse
562 3451 598 3523 in
630 3452 718 3525 libro
754 3455 871 3525 nostro
907 3473 1005 3523 nemo
1041 3452 1236 3541 mirabitur,
1269 3454 1348 3527 dum
1385 3457 1592 3542 considerat,
1627 3455 1760 3547 praeter
1793 3472 1952 3544 magnam
1978 3449 2094 3523 multi·
2205 3501 2207 3506 -

119 3578 277 3652 tudinem
304 3579 503 3653 not'tiarum
531 3581 574 3653 ad
602 3579 800 3674 pontificum
826 3581 1056 3652 Romanorum
1084 3581 1277 3670 electiones,
1313 3585 1590 3669 consecrationes,
1620 3583 1748 3666 obitus,
1781 3579 1937 3653 ecclesias
1965 3576 2095 3651 dedica-

117 3714 185 3796 tas,
212 3709 355 3802 synodos
381 3709 638 3803 pertinentium,
664 3731 741 3782 eum
768 3710 971 3802 plusquam
1004 3709 1127 3784 18000
1160 3717 1294 3804 regesta
1318 3715 1489 3786 bullarum
1513 3736 1552 3787 00
1578 3709 1731 3786 brevium
1759 3709 1938 3782 continere.
1992 3707 2096 3780 Haud

117 3860 198 3911 raro
226 3837 317 3910 enim
343 3837 474 3923 accidit,
502 3842 541 3910 ut
569 3838 694 3911 librum
722 3838 900 3929 quendam,
927 3860 993 3929 quo
1020 3839 1062 3911 00
1089 3841 1325 3914 absolvendam
1358 3841 1654 3936 investigationem
1683 3861 1768 3933 opus
1795 3841 1883 3923 erat,
1914 3837 2043 3910 frustra
2075 3858 2095 3907 a

119 3965 406 4039 bibliothecarum
436 3966 616 4059 praefectis
643 3969 842 4058 peteremus.
894 3957 1069 4057 Numquid
1097 3971 1361 4062 exspectandum
1390 3971 1488 4043 nobis
1515 3975 1603 4056 erat,
1629 3990 1737 4060 usque
1764 3968 1842 4039 dum
1870 3967 1906 4039 in
1933 3964 2097 4038 scrinium

120 4117 225 4168 suurn
251 4093 399 4168 rediret?
434 4093 598 4186 Quisnam
623 4118 690 4168 non
719 4094 894 4188 intelligit,
921 4099 1086 4186 quantum
1116 4099 1156 4169 00
1177 4101 1312 4192 tempus
1331 4099 1432 4192 plane
1450 4097 1620 4171 infinitum
1647 4098 1744 4171 labor
1770 4099 1885 4169 noster
1912 4101 1995 4168 tunc
2021 4116 2096 4186 pro·

117 4227 236 4297 tactum
263 4221 396 4310 fuisset,
423 4246 498 4297 curn
525 4247 546 4296 0
573 4223 656 4296 viris
682 4223 845 4296 historiae
862 4223 1025 4297 studiosis
1043 4225 1152 4317 operis
1175 4225 1254 4300 finis
1272 4228 1339 4300 iam
1364 4227 1422 4300 diu
1447 4227 1717 4300 desideraretur?
1753 4223 1897 4317 Saepius
1923 4227 2097 4316 praeterea

119 4353 285 4438 occurrit,
325 4374 386 4426 nos
421 4352 637 4444 quaestiones
669 4353 833 4444 quasdam
868 4353 909 4424 de
934 4350 997 4425 fide
1034 4353 1242 4427 documentis
1274 4357 1484 4429 concedenda
1519 4358 1572 4429 vel
1599 4355 1799 4448 abneganda
1831 4375 1899 4425 non
1927 4350 2012 4425 satis
2037 4350 2097 4423 ha-

119 4480 238 4554 huisse
265 4481 464 4575 exploratas
490 4483 542 4554 vel
570 4481 748 4572 explorare
779 4502 847 4552 non
880 4481 1041 4574 potuisse.
1096 4482 1137 4554 ld
1173 4484 1262 4574 quod
1297 4485 1424 4576 ubique
1459 4484 1573 4578 palam
1609 4482 1752 4556 confessi
1789 4503 1920 4565 sumus,
1960 4480 2098 4552 minime

120 4613 289 4695 verentes,
315 4629 359 4682 00
385 4609 566 4703 praecipiti
592 4611 804 4700 quorundam
832 4630 974 4682 censura
1001 4613 1043 4683 ob
1069 4610 1105 4682 id
1132 4609 1414 4704 vituperaremur.
1468 4614 1532 4685 Est
1559 4611 1648 4685 enim
1676 4632 1733 4684 ars
1766 4615 1800 4682 ot
1827 4609 1968 4683 scientia
1995 4630 2096 4700 quae-

121 4738 200 4811 dam
229 4737 410 4812 nesciendi.

281 4866 473 4958 Unicuique
503 4867 648 4961 primam
683 4871 717 4940 et
749 4868 929 4940 secundam
956 4869 1182 4962 Regestorum
1215 4868 1396 4942 editionem
1434 4868 1644 4961 comparanti
1680 4871 1720 4941 ut
1752 4868 1983 4941 diversitatem
2014 4871 2097 4940 tem·

123 5018 245 5089 porum
272 4994 441 5088 imprimis
468 4996 657 5070 consideret
683 4995 873 5069 suademus.
928 4997 1047 5068 Status
1084 4997 1207 5069 etenim
1242 4997 1290 5070 rei
1326 4997 1515 5070 litterariae
1554 4996 1750 5091 praesertim
1789 4997 1968 5070 historicae
2008 5018 2097 5069 anno

124 5123 258 5197 circiter
290 5125 388 5197 1850
415 5123 471 5198 hic
497 5127 580 5209 erat,
609 5129 646 5198 ut
673 5125 837 5198 Jsssnus
864 5145 907 5196 ne
934 5125 1045 5197 decem
1070 5125 1203 5216 quidem
1231 5126 1337 5200 libros
1363 5126 1516 5200 invenire
1533 5127 1657 5220 posset,
1684 5124 1807 5216 quibus
1834 5129 1896 5199 aut
1920 5124 2001 5198 lidos
2029 5125 2097 5219 opi-

125 5252 236 5325 stolae
262 5257 323 5326 aut
348 5255 485 5347 tempus
512 5259 572 5326 aut
598 5256 714 5327 textus
741 5258 815 5327 arte
842 5251 959 5326 critica
987 5251 1290 5348 investigarentur;
1324 5255 1471 5348 exempli
1497 5253 1610 5350 gratia
1636 5254 1741 5327 libros
1767 5253 1950 5348 inscriptos
1978 5255 2097 5342 ,Jahr-

126 5379 253 5453 buoher
280 5381 338 5454 des
363 5381 558 5454 Deutachen
585 5381 709 5455 Reichs
737 5386 837 5455 unter
864 5382 939 5453 dem
966 5381 1187 5455 Suchsischon
1215 5382 1333 5456 Hause
1358 5385 1516 5476 herausg.
1544 5407 1573 5457 v.
1593 5384 1701 5456 huon.
1724 5383 1886 5468 Rouan‘,
1914 5385 1967 5457 vel
1993 5383 2098 5455 libros

129 5509 173 5580 de
200 5508 360 5582 lothario
387 5510 456 5583 III.
484 5513 519 5583 et
545 5509 697 5585 llonrado
724 5512 791 5584 ΙΙΙ.
820 5513 863 5584 00
890 5510 964 5601 ipso
991 5509 1133 5584 annno
1161 5511 1363 5602 compositas
1389 5512 1906 5585 velLun.Anu1n.R1onrna1
1932 5511 2096 5584 libellum.
