4852 6382
1083 402 1361 494 Supplemeniunr
1389 403 1608 495 regestorum.

766 577 769 758 l
784 638 893 705 1016.

767 761 769 824 1
807 747 923 805 4015oe
954 746 1079 805 Petente
1109 747 1263 820 Fhlberto,
1301 745 1440 824 episcopo
1472 745 1661 819 Camotensi,
1699 764 1856 806 numerum
1893 747 2103 806 canonicorum
2140 748 2172 806 in
2209 749 2336 807 ecclesia

850 831 878 890 S.
900 831 1034 891 Mauritii
1064 833 1258 891 servientium
1290 832 1328 891 ad
1350 850 1458 891 novem
1482 831 1605 891 reducit.
1649 833 1766 891 iuvent.
1793 833 1845 892 des
1873 833 1958 893 titres
1983 834 2021 892 de
2043 834 2186 912 iosaphat
2208 853 2263 892 ms.
2287 838 2335 909 72,

851 923 884 979 2⁰
906 918 1002 996 partie
1024 919 1076 978 des
1098 937 1174 994 msa,
1198 919 1335 992 f01.499,
1357 919 1435 976 Hist.
1458 918 1496 977 de
1517 917 1558 978 St.
1580 917 1713 978 Maurice
1735 937 1789 978 ms.
1805 921 1855 993 60,
1879 922 1911 978 2⁰
1933 920 2029 998 partie
2051 919 2103 979 des
2126 937 2195 980 mss.
2217 921 2248 978 iu
2266 920 2336 980 bibl.

851 1004 931 1082 publ.
954 1003 1139 1064 Carnotensi.
1184 1005 1275 1063 Dedit
1297 1005 1331 1063 A.
1355 1003 1472 1063 Olersal
1496 1003 1697 1064 Garnotcnsis.

768 1152 820 1236 Ιο.
843 1138 950 1204 1018.
973 1139 1080 1204 1019.

769 1271 771 1348 j
809 1265 923 1323 tonte
944 1261 1081 1321 *Oenuto
1108 1262 1172 1339 regi
1200 1263 1366 1338 (Danorum
1395 1266 1424 1320 et
1446 1249 1626 1338 Anplorum)
1654 1279 1707 1337 per
1732 1260 1900 1338 Livingum,
1928 1260 2185 1339 archiepiscopum
2207 1261 2337 1320 Oantua·

769 1349 771 1366 '
853 1349 989 1423 riensem,
1011 1348 1127 1407 litteras
1150 1349 1242 1407 mittit
1264 1348 1427 1422 hortantes,
1455 1353 1488 1405 ut
1510 1347 1647 1421 „laudem
1669 1347 1725 1405 Dei
1752 1347 1863 1423 ubique
1886 1346 2046 1425 praeditet,
2073 1347 2215 1406 iniuriam
2237 1348 2337 1407 deleat

853 1441 884 1495 ct
904 1435 1024 1513 planam
1045 1453 1149 1512 paoem
1172 1439 1320 1513 potestate
1336 1452 1354 1491 a
1369 1434 1433 1493 Deo
1455 1433 1565 1493 collata
1586 1433 1750 1492 instituat“.
1787 1432 1864 1493 Vide
1887 1432 1996 1492 Canuti
2017 1433 2147 1493 edictum
2169 1434 2201 1492 in
2215 1434 2337 1493 Forsoh.

853 1541 877 1579 a.
899 1521 1033 1581 deutsoh.
1055 1521 1161 1580 Gesoh.
1183 1520 1266 1580 XIV.
1290 1521 1361 1580 393.

788 1654 900 1720 1023.

811 1779 925 1838 404311
948 1776 1060 1854 (4053)
1083 1777 1232 1851 Witardo,
1251 1777 1355 1836 abbati
1382 1776 1409 1836 S.
1433 1774 1615 1854 cucuphatis
1642 1776 1866 1850 Octavianeusi,
1894 1775 2095 1854 possessiones
2115 1781 2154 1835 et
2180 1777 2341 1856 privilegia

854 1863 1016 1923 confirmat.
1052 1864 1100 1921 Ex
1123 1863 1283 1922 cartulario
1299 1862 1326 1922 S.
1341 1862 1473 1940 Cucuph.
1496 1863 1527 1920 in
1551 1862 1642 1922 tabul.
1665 1863 1748 1940 regio
1766 1863 1988 1922 Barcinonensi.
2030 1863 2121 1923 Dedit
2134 1863 2173 1923 11.
2189 1863 2341 1924 Bresslau.

855 1984 896 1994 -
919 1949 1086 2024 „Quoniam
1108 1949 1322 2009 concedends“.

1152 2473 1462 2558 lontibus
1490 2473 1610 2556 XIX.
1667 2473 1966 2558 lunt-1⁰33.

929 2655 1046 2702 lohuuuis
1064 2655 1133 2701 xlx.
1152 2654 1220 2701 bulla
1238 2656 1329 2702 susan
1349 2653 1465 2714 scripta
1482 2658 1520 2702 est
1537 2669 1561 2714 p.
1580 2667 1612 2700 m.
1632 2653 1773 2714 Gregorii
1790 2652 1909 2700 scriniarii
1927 2652 1951 2700 S.
1970 2655 1999 2701 11.
2018 2655 2045 2700 Ε.

1349 2722 1419 2770 data
1438 2729 1475 2770 ast
1486 2737 1509 2783 p.
1522 2737 1554 2770 m.
1567 2723 1652 2770 Petri
1664 2722 1771 2783 episcopi
1782 2722 1807 2769 S.
1818 2722 1930 2782 ltutinaa,
1947 2723 2134 2771 archiscriniarii
2146 2739 2166 2773 s.
2178 2731 2261 2785 apost.
2272 2729 2345 2774 sadra.

790 2839 899 2907 1027.

813 2967 927 3025 4083a
942 2963 1123 3023 Monasterio
1138 2962 1166 3021 S.
1181 2963 1309 3040 Benigni
1325 2963 1547 3022 Fructuariensi
1563 2963 1752 3041 privilegium
1768 2964 1911 3024 concedit.
1938 2963 2174 3041 (Fragmentum.
2205 2966 2296 3040 „Dat
2308 3011 2314 3025 .
2324 3013 2347 3025 ..

856 3069 883 3109 a.
899 3054 979 3128 pont.
994 3051 1049 3123 III,
1071 3048 1255 3127 temporibus
1278 3049 1427 3108 Ohcnradi
1450 3050 1638 3127 imperatoris
1660 3069 1739 3109 anno
1761 3051 1877 3129 imperii
1897 3051 1961 3110 eius
1976 3051 2071 3128 primo
2086 3095 2094 3108 .
2110 3093 2117 3108 .
2133 3052 2181 3126 .“.)
2219 3053 2348 3112 Gallctti

856 3137 911 3195 Del
934 3136 1090 3215 primiccro
1113 3155 1140 3213 p.
1165 3138 1235 3196 140.

931 3840 1070 3900 Scriptae
1088 3845 1146 3886 sunt
1162 3839 1289 3887 Benedicti
1306 3839 1352 3887 IX.
1371 3839 1454 3887 bullae
1471 3855 1496 3900 p.
1515 3853 1547 3886 m.

964 3907 1066 3969 Sergii
1083 3908 1200 3956 scriniarii
1218 3914 1243 3957 at
1260 3910 1347 3957 notarii
1365 3907 1390 3956 S.
1408 3909 1437 3955 R.
1455 3909 1485 3957 Ε.
1504 3905 1621 3970 (dioto)

773 3977 776 4036 j
964 3977 1111 4024 Iohannis
1128 3977 1247 4026 scriniarii
1265 3982 1290 4025 et
1308 3979 1396 4026 notarii
1414 3978 1490 4025 nostri
1508 3977 1679 4026 Lateranansia
1698 3978 1781 4038 palatii
1800 3974 1913 4038 (stlta.
1932 3973 2043 4045 tutti).

933 4049 1163 4162 Dl’tdtiipdizbni
1181 4115 1311 4162 cardinalis
1328 4119 1353 4162 at
1369 4115 1508 4162 cancellarii
1526 4129 1545 4163 s.
1564 4115 1614 4163 sed.
1632 4121 1710 4176 apost.
1729 4111 1846 4177 (411111)

845 4224 847 4227 ,
965 4183 1050 4230 Patri
1068 4183 1173 4243 diaconi,
1190 4183 1369 4232 bibliothecarii
1386 4189 1411 4232 ct
1427 4185 1565 4232 cancellarii
1583 4199 1603 4232 s.
1621 4189 1699 4245 apost.
1717 4185 1781 4232 sedis
1798 4182 1912 4245 (tllbn.
1932 4177 2044 4250 mitt).

968 3613 975 3620 ’
1144 3657 1988 3745 nnnnnrurusrx.1oca-1crs.

793 4315 903 4382 1037.

817 4440 932 4499 4109oe
953 4438 1135 4498 Monasterio
1156 4439 1184 4498 S.
1206 4439 1319 4498 Mariae
1342 4438 1618 4517 (triplae-ferrariae
1641 4439 1923 4515 (Grottaelerratae)
1949 4445 2059 4499 terram
2081 4441 2236 4518 quandam
2260 4443 2344 4500 iuxta

860 4525 1012 4583 civitatem
1039 4525 1240 4585 Albancnscm
1269 4531 1299 4584 et
1330 4524 1474 4602 quidquid
1502 4525 1613 4584 ibidem
1639 4525 1811 4585 habitantes
1838 4525 2034 4586 Lateranensi
2060 4527 2176 4605 palatio
2199 4528 2343 4588 exhibere

860 4611 1033 4686 debuerant,
1056 4613 1198 4686 concedit,
1221 4612 1451 4670 Bartholomaco
1473 4612 1582 4671 abbate
1605 4617 1635 4670 ct
1657 4611 1768 4689 Gyrillo
1790 4615 1972 4689 „egumeno“
1994 4613 2175 4690 petentibus.
2219 4614 2343 4674 Studia

861 4697 975 4757 docum.
997 4698 1027 4756 di
1050 4699 1174 4757 storias
1196 4698 1299 4757 diritto
1322 4697 1387 4757 VII.
1412 4699 1439 4758 5.
1462 4731 1503 4740 —
1525 4696 1618 4772 „Cum
1640 4717 1750 4776 magna
1772 4699 1884 4758 nobis“.

795 4830 908 4897 1042.

818 4955 932 5014 411111
953 4955 1036 5013 Inter
1050 4955 1241 5029 Bonizonem,
1264 4955 1435 5033 episcopum
1448 4954 1676 5028 Tuscancnscm,
1699 4958 1730 5013 et
1744 4953 1934 5028 Godizonem,
1957 4952 2128 5032 episcopum
2143 4951 2341 5026 Castrensem,

862 5040 944 5100 litem
967 5040 1003 5100 de
1026 5041 1148 5100 decimis
1170 5042 1298 5100 duorum
1320 5046 1485 5100 carnorum
1506 5041 1627 5099 dirimit.
1671 5041 1816 5100 Muratori
1838 5041 1908 5100 Ant.
1931 5041 1997 5100 Ital.
2019 5040 2073 5098 111.
2097 5041 2170 5099 833.

794 5174 909 5240 1044.

819 5299 933 5358 411511
955 5298 1116 5358 Benedicta
1139 5300 1240 5357 abbati
1264 5299 1291 5356 S.
1314 5298 1468 5356 Trinitatis
1490 5297 1522 5355 in
1543 5297 1672 5356 Venetia
1695 5295 1929 5373 (Brondolionsi)
1952 5315 2022 5375 „pro
2044 5297 2110 5356 eius
2131 5298 2257 5373 meritis,
2284 5316 2341 5356 non

861 5389 961 5442 autem
984 5385 1219 5444 successoribus“
1241 5402 1328 5442 usum
1350 5383 1527 5443 dalmaticae
1554 5389 1584 5442 et
1604 5383 1808 5443 sandaliorum
1835 5383 1978 5443 concedit.
2014 5382 2117 5442 Edidit
2139 5382 2341 5443 Watteubsoh

861 5470 892 5527 in
915 5470 1014 5530 Neues
1036 5471 1149 5529 Archiv
1170 5471 1224 5529 Xl.
1248 5472 1310 5530 390
1332 5476 1363 5529 et
1384 5470 1540 5547 descripsit
1561 5471 1593 5528 in
1616 5469 1755 5529 Mittheil.
1780 5489 1835 5529 aus
1857 5470 1923 5528 dem
1946 5487 2039 5546 germ.
2060 5469 2342 5530 Nationalrnuscmn

864 5556 946 5616 1885
970 5575 997 5638 p.
1022 5558 1092 5632 146,
1115 5556 1167 5614 ubi
1188 5557 1248 5615 tab.
1263 5557 1294 5615 X
1316 5557 1465 5636 specimen
1487 5557 1652 5635 scripturae
1674 5555 1808 5615 additum
1830 5561 1883 5615 est.
1905 5589 1947 5598 -
1971 5554 2129 5632 ..Quisquis
2151 5555 2185 5614 in
2207 5555 2343 5614 divinis“.
