4874 6390
978 395 1266 470 ALEXANDER
1293 399 1360 470 111.
1419 397 1678 468 1159-1181,

771 636 1003 704 1159—1181.

795 745 897 803 13991
916 743 1028 820 (8965)
1050 742 1196 820 Episcopo
1218 742 1381 801 Exoniensi
1403 741 1533 816 mandat,
1557 747 1644 818 cogat
1659 742 1694 800 R.
1716 743 1849 816 militem,
1872 746 1905 800 ut
1927 742 2018 800 filiam
2033 742 2150 800 Edwini
2173 742 2210 801 de
2225 743 2316 801 Base·

836 830 921 889 leber
941 830 973 887 in
995 829 1216 887 matrimonium
1239 828 1336 886 ducat.
1377 829 1454 906 App.
1477 847 1558 886 conc.
1579 829 1644 886 Lat.
1659 828 1750 887 XLV.
1767 830 1796 887 3.
1817 862 1859 869 —
1882 829 2040 900 „Pervenit
2062 828 2100 886 ad
2122 848 2184 903 nos,
2207 830 2316 906 qnod“.

796 918 900 975 13902
917 916 1027 990 (8966)
1050 915 1196 992 Episcopo
1218 913 1380 972 Exonicnsi
1404 915 1506 973 scribit
1528 915 1565 973 de
1579 915 1615 973 V.
1639 914 1775 991 quodam,
1798 914 1849 991 qui
1871 914 1990 972 mulieri
2012 915 2043 971 in
2066 915 2153 973 domo
2175 919 2315 992 receptae

837 1000 926 1059 fidem
948 1019 1047 1059 coram
1070 1000 1203 1076 pluribus
1225 1000 1387 1077 praestitit,
1417 1000 1468 1058 sed
1491 1001 1571 1078 apud
1592 1000 1723 1058 uicinum
1751 1004 1928 1078 pernoctans
1951 1019 2017 1059 cum
2039 1001 2101 1058 filia
2123 1001 2187 1059 eius
2209 1019 2316 1060 concu-

837 1087 943 1145 buerit.
987 1086 1123 1159 Mandat,
1157 1090 1191 1144 11
1213 1086 1259 1159 „si
1282 1086 1442 1159 invenerit,
1475 1087 1553 1162 quod
1580 1087 1706 1164 primam
1733 1091 1800 1164 post
1826 1085 1914 1144 fidem
1937 1087 2110 1163 praestitam
2132 1088 2315 1163 cognoverit,

838 1173 934 1250 ipsum
957 1191 1023 1230 cum
1046 1191 1082 1230 ca
1103 1172 1194 1229 faciat
1217 1173 1406 1246 remanere“,
1429 1172 1562 1248 alioquin
1585 1172 1732 1230 secundae
1754 1171 1925 1245 adhaerere,
1948 1173 2005 1230 nisi
2028 1179 2109 1231 metu
2132 1173 2225 1250 patris
2248 1191 2315 1231 cam

838 1258 1017 1336 desponsare
1040 1263 1158 1317 coactus
1180 1259 1280 1316 fuerit.
1310 1258 1385 1335 App.
1400 1276 1481 1316 conc.
1495 1258 1561 1316 Lat.
1575 1259 1667 1315 XLV.
1685 1262 1711 1332 1,
1734 1257 1835 1335 Oomp.
1858 1259 1896 1316 H.
1919 1259 1951 1315 L.
1975 1261 2003 1316 4.
2025 1263 2046 1316 1.
2071 1261 2098 1317 1.
2121 1278 2144 1317 0.
2168 1264 2200 1332 2,
2229 1259 2315 1317 Decr.

838 1345 926 1420 Greg.
948 1345 981 1402 L.
1003 1343 1054 1402 IV.
1077 1349 1097 1402 t.
1122 1348 1148 1401 1.
1171 1361 1195 1402 e.
1219 1345 1267 1402 15.
1291 1376 1330 1385 —
1353 1343 1501 1417 „Veniens
1529 1344 1566 1401 ad
1594 1362 1648 1402 nos
1669 1344 1705 1403 V.
1729 1344 1780 1418 (al.
1801 1344 1849 1401 W.
1872 1344 1910 1402 al.
1932 1343 1998 1418 G.)“

798 1432 901 1490 13903
918 1431 1030 1504 (8967)
1052 1431 1198 1507 Episcopo
1213 1430 1376 1488 ExonIensi
1398 1430 1502 1488 scribit
1523 1430 1560 1488 de
1582 1430 1627 1504 iis,
1650 1430 1718 1506 „qui
1741 1431 1772 1486 in
1795 1430 1983 1488 matrimonio
2002 1430 2203 1488 contrahendo
2226 1429 2316 1488 fidem

839 1516 982 1589 dederint,
1006 1516 1235 1589 commonendis,
1251 1521 1284 1573 11
1298 1515 1386 1573 fidem
1402 1516 1576 1592 praestitam
1592 1516 1776 1574 observent“.
1801 1517 1877 1593 App.
1892 1515 1980 1574 (lonc.
1995 1517 2060 1574 Lat.
2075 1517 2127 1574 Vl.
2143 1517 2192 1589 33,
2215 1517 2247 1574 L.
2264 1518 2315 1591 43,

839 1601 911 1660 Coll.
934 1602 1013 1680 Lips.
1036 1603 1084 1660 LI.
1101 1605 1150 1674 47,
1173 1601 1246 1660 9011.
1263 1601 1343 1659 Cass.
1359 1601 1466 1659 LVIII.
1482 1603 1531 1674 31,
1555 1602 1809 1660 notissimum.
1826 1605 1874 1676 30,
1898 1601 1999 1679 Comp.
2013 1603 2036 1661 I.
2052 1603 2084 1660 L.
2101 1605 2129 1660 4.
2145 1606 2165 1660 t.
2183 1606 2209 1660 1.
2225 1621 2248 1660 c.
2267 1607 2314 1676 11,

839 1688 924 1746 Decr.
947 1688 1036 1763 Grcg.
1058 1689 1091 1746 L.
1113 1688 1163 1746 IV.
1187 1693 1207 1745 t.
1231 1691 1258 1745 1.
1281 1706 1305 1745 c.
1330 1690 1357 1746 2.
1381 1721 1420 1730 -
1444 1687 1621 1759 „Praeterea
1642 1687 1683 1761 hi,
1706 1687 1782 1764 qui“.

702 1793 703 1796 ’
798 1776 902 1834 13994
919 1774 1031 1848 (8969)
1053 1773 1199 1851 Episcopo
1215 1774 1376 1832 Exoniensi
1399 1774 1503 1831 scribit
1517 1773 1554 1832 de
1570 1774 1710 1847 diaconis,
1732 1774 1783 1850 qui
1798 1773 1988 1832 matrimonia
2003 1774 2215 1832 contraxerint.
2238 1774 2315 1852 App.

839 1879 920 1918 conc.
941 1860 1007 1919 Lat.
1021 1860 1134 1918 XVIII.
1152 1861 1200 1933 13,
1223 1859 1295 1917 Coll.
1310 1860 1389 1936 Lips.
1404 1860 1512 1917 LXIV.
1530 1862 1577 1934 12,
1601 1859 1673 1918 Ooll.
1688 1859 1769 1917 (lass.
1784 1860 1893 1918 LXIII.
1911 1863 1959 1933 12,
1982 1858 2054 1918 9011.
2069 1859 2171 1917 Bamb.
2187 1859 2247 1918 LV.
2265 1863 2314 1934 12,

840 1945 941 2023 Oomp.
964 1946 987 2004 I.
1009 1946 1042 2004 L.
1066 1947 1094 2003 4.
1117 1950 1137 2003 t.
1161 1948 1188 2004 6.
1212 1965 1234 2003 c.
1258 1948 1286 2004 3.
1309 1978 1350 1986 —
1374 1945 1594 2022 „Significatum
1618 1951 1663 2004 est
1684 1946 1795 2004 nobis“.
2063 1965 2065 1970 ’

798 2034 902 2093 13905
919 2032 1030 2106 (8970)
1053 2032 1198 2108 Episcopo
1221 2031 1383 2090 Exoniensi
1411 2032 1514 2090 scribit
1540 2032 1577 2089 de
1600 2031 1751 2108 „quodam
1774 2031 1907 2090 litterato
1934 2035 1965 2089 01
1985 2031 2091 2104 nobili,
2123 2031 2173 2107 qui
2197 2031 2315 2088 cuidam

839 2118 956 2175 mulieri
979 2117 1072 2175 nobili
1094 2118 1182 2175 fidem
1205 2117 1320 2175 dederit
1342 2117 1379 2175 do
1401 2118 1603 2176 contrahendo
1626 2118 1822 2190 matrimomo,
1845 2137 1924 2174 nunc
1946 2122 2046 2176 autem
2070 2116 2108 2174 sd
2123 2117 2239 2194 frugem
2255 2136 2316 2176 me·

839 2203 921 2262 lioris
944 2204 1023 2262 vitae
1046 2204 1174 2280 suspiret
1196 2203 1378 2262 convolaret
1418 2203 1518 2281 Comp.
1541 2205 1579 2262 II.
1601 2204 1634 2262 L.
1657 2205 1685 2261 4.
1708 2209 1728 2262 t.
1753 2207 1779 2262 1.
1803 2223 1826 2262 c.
1850 2206 1878 2277 4,
1900 2204 1986 2262 Deor.
2009 2204 2097 2280 Greg.
2119 2203 2152 2262 L.
2174 2204 2227 2263 IV.
2249 2209 2271 2262 t.
2288 2208 2315 2261 1.

839 2308 863 2347 c.
887 2292 935 2348 16.
959 2323 998 2331 -
1022 2289 1252 2363 „Commissum“
1274 2289 1475 2365 „Significavit
1497 2290 1582 2348 nobis
1604 2290 1801 2348 fraternitas“.

799 2378 903 2437 13906
926 2376 1087 2434 Exoniensi
1110 2375 1247 2452 episcopo
1270 2375 1441 2452 respondet,
1473 2381 1610 2449 „tantam
1638 2395 1703 2434 esse
1725 2376 1785 2433 vim
1807 2375 2002 2449 matrimonii,
2033 2379 2067 2433 ut
2090 2374 2140 2451 qui
2162 2379 2233 2433 ante
2255 2375 2316 2434 sint

840 2461 947 2538 geniti,
980 2467 1046 2539 post
1068 2466 1252 2520 contractum
1280 2462 1501 2520 matrimonium
1527 2463 1654 2538 legitimi
1676 2462 1855 2534 habeantur;
1887 2461 1911 2520 si
1933 2467 2034 2520 autern
2057 2461 2114 2534 vir,
2146 2479 2239 2519 uxore
2261 2481 2316 2520 sua

841 2547 967 2619 vivente,
990 2548 1080 2606 aliam
1103 2547 1276 2624 cognoverit
1298 2552 1328 2605 et
1350 2567 1388 2605 ex
1411 2567 1447 2606 ea
1469 2548 1581 2625 prolem
1596 2548 1744 2621 habuerit,
1766 2547 1836 2605 licet
1851 2552 2056 2625 postmortem
2072 2547 2174 2604 uxoris
2190 2547 2315 2605 eandem

840 2633 974 2707 duxerit,
998 2634 1190 2693 nihilominus
1212 2632 1306 2690 filiurn
1329 2634 1463 2710 spurium
1486 2653 1550 2692 esse
1572 2638 1602 2692 et
1624 2635 1662 2692 ab
1685 2634 1850 2692 hereditate
1873 2634 2100 2711 repellendnm“.
2145 2633 2217 2691 9011.
2239 2632 2315 2691 001-

841 2719 916 2777 tabr.
938 2719 969 2776 in
993 2719 1063 2778 (lod.
1086 2718 1159 2778 9011.
1181 2718 1262 2776 Trio.
1285 2718 1424 2778 Cantabr.
1447 2720 1481 2778 R.
1506 2722 1533 2778 9.
1558 2723 1607 2779 17.
1622 2738 1698 2778 saec.
1713 2720 1782 2777 XII.
1799 2720 1817 2777 f.
1836 2715 1925 2778 1971.
1949 2753 1987 2761 -
2013 2719 2223 2793 „Fraternitati
2245 2725 2315 2778 tuae

841 2804 1005 2863 duximus‘⁴.

800 2893 903 2952 13997
920 2891 1034 2967 (8971)
1055 2890 1200 2968 Episcopo
1217 2889 1380 2947 Exonicnsi
1401 2891 1568 2968 respondet,
1590 2891 1660 2968 „qui
1682 2891 1764 2969 prins
1779 2891 1953 2968 cognoverit
1967 2896 2091 2948 matrem
2106 2891 2169 2948 sive
2185 2909 2315 2949 sororem

842 2977 913 3050 eius,
936 2996 1025 3053 quam
1048 2982 1152 3054 postea
1174 2975 1294 3033 duxerit
1316 2976 1346 3032 in
1369 2995 1506 3049 uxorem,
1534 2995 1602 3034 cum
1625 2996 1689 3036 esse
1711 2978 1904 3050 monendum,
1927 2981 1961 3034 11
1983 2995 2107 3034 uxorem
2128 2976 2245 3035 laboret
2273 2977 2319 3033 in·

842 3063 949 3120 ducere
972 3063 1009 3120 ad
1032 3062 1246 3120 continendam
1269 3061 1492 3135 observandam,
1515 3069 1556 3136 ut,
1579 3064 1603 3120 si
1626 3063 1679 3121 illa
1700 3064 1853 3121 continere
1868 3063 2002 3135 voluerit,
2026 3063 2209 3120 continentia
2227 3063 2317 3120 simul

843 3149 1029 3222 observetur,
1058 3149 1083 3207 si
1106 3153 1205 3206 autem
1229 3146 1345 3205 adhoc
1368 3148 1468 3206 induci
1490 3167 1549 3206 non
1572 3151 1677 3225 possit,
1706 3154 1736 3207 et
1764 3149 1897 3207 debitum
1919 3148 2025 3206 reddat
2047 3154 2076 3206 ct
2099 3147 2135 3206 de
2158 3149 2315 3206 commisso

842 3235 1057 3312 poenitentiam
1084 3236 1180 3310 agat“.
1225 3232 1298 3292 9011.
1320 3235 1390 3292 Luc.
1421 3235 1451 3291 in
1474 3235 1589 3292 Baluzii
1612 3236 1692 3293 Mino.
1715 3236 1768 3294 111.
1792 3236 1866 3308 379,
1897 3235 1973 3312 App.
2005 3253 2085 3293 conc.
2106 3234 2171 3292 Lat.
2193 3235 2262 3292 XII.
2288 3237 2315 3308 7,

811 3321 812 3324 ’
842 3319 943 3397 Gomp.
966 3321 1004 3378 II.
1026 3321 1058 3378 L.
1082 3322 1110 3378 4.
1133 3324 1153 3378 t.
1178 3323 1204 3378 7.
1228 3339 1250 3378 c.
1276 3323 1302 3392 1,
1324 3319 1421 3378 Mansi
1443 3321 1527 3379 XXI.
1552 3323 1643 3394 1099,
1668 3321 1759 3380 1106.
1782 3358 1824 3366 -
1846 3321 1957 3398 „Super
1979 3339 2022 3394 eo,
2045 3320 2150 3396 quod“.

802 3407 905 3469 13908
922 3408 1033 3481 (8972)
1055 3406 1202 3483 Episcopo
1224 3405 1386 3464 Exoniensi
1415 3405 1517 3464 scribit
1545 3406 1630 3465 haec:
1662 3407 1759 3481 „nulli
1788 3407 1925 3465 monachi
1946 3405 2106 3483 Templarii
2134 3424 2165 3463 se
2192 3411 2316 3484 possunt

842 3491 999 3568 privilegio
1022 3491 1302 3569 apostolicaesedis
1326 3492 1415 3565 tueri,
1444 3493 1600 3569 quominus
1623 3494 1895 3551 excommunicatos
1918 3492 2013 3550 vitare
2041 3492 2182 3564 debeant,
2210 3497 2240 3550 01
2262 3511 2316 3568 pro

841 3577 973 3636 violenta
994 3597 1135 3636 manuum
1156 3577 1317 3635 iniectionc
1339 3577 1371 3634 in
1393 3578 1515 3636 clericos
1537 3580 1613 3636 sicut
1636 3580 1882 3637 excommunicati
1905 3578 2019 3636 vitarit
2051 3578 2124 3655 App.
2147 3596 2228 3635 conc.
2250 3577 2316 3635 Lat.

841 3663 922 3721 XIV.
946 3666 973 3736 4,
997 3663 1069 3722 Ooll.
1092 3664 1171 3741 Lips.
1192 3663 1261 3721 VII.
1286 3664 1313 3736 5,
1336 3662 1409 3722 Coll.
1432 3663 1512 3722 Cass.
1535 3665 1619 3722 XIX.
1644 3667 1671 3740 5,
1694 3665 1767 3724 (1011,
1790 3666 1891 3723 Bamb.
1914 3664 1980 3722 VII.
2005 3667 2036 3736 4,
2060 3664 2162 3741 Comp.
2185 3665 2208 3722 I.
2231 3663 2263 3722 L.
2288 3665 2315 3722 5.

840 3753 860 3807 t.
884 3750 933 3807 34.
957 3768 980 3807 o.
1005 3751 1053 3824 10,
1076 3750 1161 3808 Decr.
1184 3749 1272 3824 Greg.
1295 3749 1327 3806 L.
1350 3749 1385 3808 V.
1408 3754 1429 3808 t.
1453 3752 1501 3808 33.
1525 3770 1548 3809 c.
1573 3753 1600 3808 8.
1623 3785 1665 3794 -
1688 3751 1787 3824 „Nulli
1809 3757 1909 3809 autem
1931 3749 2095 3808 monachi“.

800 3836 902 3895 13909
920 3835 1032 3911 (8973)
1055 3836 1200 3913 Episcopo
1223 3835 1386 3892 Exoriensi
1408 3837 1539 3908 mandat,
1562 3841 1650 3913 cogat
1672 3837 1907 3910 archidiaconos,
1935 3841 1969 3894 11
1996 3841 2155 3912 occupatas
2177 3834 2316 3892 ccclesias

840 3920 1000 3979 dimittant.
1044 3922 1120 4000 App.
1143 3940 1223 3980 conc.
1246 3922 1310 3978 Lat.
1333 3921 1444 3979 XXIV.
1469 3924 1495 3995 3,
1519 3923 1592 3980 0011.
1614 3923 1693 3998 Lips.
1716 3922 1784 3980 XII.
1809 3925 1840 3996 3,
1864 3922 1936 3981 Coll.
1960 3921 2040 3979 Cass.
2062 3921 2161 3978 XXII.
2186 3921 2218 3994 3,
2242 3919 2316 3978 Coll.

840 4006 943 4064 Bamb.
963 3999 1035 4064 XII.
1059 4009 1090 4081 3,
1123 4007 1223 4085 (lomp.
1248 4007 1269 4066 I.
1292 4006 1325 4063 L.
1349 4007 1376 4064 5.
1400 4013 1420 4065 t.
1444 4009 1492 4066 27.
1516 4026 1539 4066 c.
1564 4009 1596 4081 3,
1627 4008 1713 4066 Deer.
1741 4008 1830 4084 Grcg.
1852 4009 1885 4067 L.
1908 4009 1943 4067 V.
1967 4012 1987 4066 t.
2011 4010 2060 4068 31.
2084 4025 2107 4065 c.
2131 4009 2158 4064 3.
2183 4039 2221 4047 —
2251 4006 2316 4080 „Ad

841 4110 928 4150 aures
949 4096 1091 4152 nostras“.
1994 4093 1997 4098 '

799 4178 903 4239 13910
920 4179 1033 4253 (8974)
1054 4179 1200 4256 Episcopo
1222 4177 1385 4235 Exonicnsi
1415 4178 1549 4252 mandat,
1582 4183 1670 4254 cogat
1692 4179 1739 4252 G.,
1772 4183 1806 4236 ut
1837 4179 1991 4237 ecclesiam
2023 4178 2059 4235 do
2088 4176 2242 4253 Eerolegia
2265 4177 2316 4250 (al.

840 4263 970 4337 Eerleia)
993 4265 1135 4341 magistro
1158 4264 1205 4322 W.
1228 4263 1375 4321 restituat.
1419 4264 1495 4341 App.
1518 4283 1598 4322 cono.
1621 4265 1685 4323 Lat.
1709 4265 1851 4323 XXVIII.
1876 4270 1903 4339 1,
1927 4264 1999 4323 0011.
2021 4264 2101 4340 Lips.
2124 4263 2162 4320 II.
2186 4266 2218 4335 3,
2242 4262 2315 4320 9011.

841 4349 921 4407 (lass.
943 4349 1024 4422 XIV,
1049 4352 1076 4423 3,
1099 4349 1172 4408 Coll.
1195 4349 1298 4407 Bamb.
1322 4350 1359 4408 H.
1384 4355 1410 4423 3,
1434 4349 1536 4428 Comp.
1558 4350 1581 4408 I.
1604 4350 1637 4409 L.
1661 4353 1688 4409 5.
1712 4356 1732 4408 t.
1756 4353 1783 4410 3.
1807 4369 1830 4410 0.
1854 4353 1886 4425 4,
1910 4350 1996 4409 Decr.
2019 4349 2107 4425 Greg.
2130 4349 2163 4407 L.
2185 4348 2221 4407 V.
2244 4353 2265 4406 t.
2287 4349 2316 4406 4.

842 4453 865 4492 c.
889 4437 917 4494 4.
944 4469 978 4478 -—
1006 4436 1181 4508 „Querelam
1203 4434 1365 4511 magistri“.

800 4523 901 4584 13911
920 4521 1033 4596 (8975)
1054 4522 1200 4599 Episcopo
1222 4521 1385 4579 Exoniensi
1407 4521 1541 4594 mandat,
1564 4527 1683 4580 moueat
1705 4521 1897 4596 Walterium,
1920 4526 1953 4580 ut
1976 4520 2118 4594 „calicem
2141 4523 2317 4596 argenteum

842 4613 872 4664 et
886 4608 1075 4666 medietatem
1090 4608 1179 4666 unius
1194 4606 1334 4665 breviarii
1355 4607 1497 4666 ecclesiae
1513 4607 1550 4665 de
1566 4608 1714 4666 Offctolon
1730 4608 1780 4682 (al.
1797 4608 1936 4682 Olfitona,
1952 4607 2102 4680 Olccolon,
2118 4605 2318 4680 Osseeoleo)“,

842 4713 918 4769 quae
941 4699 1026 4771 pater
1047 4695 1119 4768 cius,
1142 4692 1279 4752 sacerdos
1295 4692 1427 4750 eiusdem
1443 4693 1593 4766 eeclesiae,
1616 4694 1734 4770 pignori
1750 4695 1936 4770 obligaverit,
1959 4693 2114 4768 recolligat
2129 4696 2159 4749 et
2174 4691 2318 4749 eeclesiae

841 4780 987 4837 restituat.
1039 4780 1113 4857 App.
1142 4797 1222 4837 cono.
1250 4779 1316 4836 Lat.
1337 4779 1452 4836 XXIX.
1476 4785 1507 4852 1,
1539 4779 1612 4836 Coll.
1639 4780 1719 4837 Cass.
1741 4780 1869 4838 XXVII.
1894 4784 1925 4853 1,
1957 4779 2030 4837 0011.
2058 4777 2160 4836 Bamb.
2182 4777 2265 4835 XIV.
2291 4779 2317 4850 1,

841 4864 942 4942 (lomp.
966 4866 988 4923 Ι.
1011 4864 1043 4924 L.
1068 4868 1095 4924 3.
1119 4871 1138 4922 t.
1164 4867 1211 4922 17.
1235 4883 1258 4922 c.
1282 4867 1310 4937 3,
1332 4864 1417 4922 Dccr.
1440 4865 1528 4940 Greg.
1551 4865 1585 4923 L.
1606 4866 1659 4924 III.
1683 4870 1703 4924 t.
1728 4868 1776 4940 21.
1799 4885 1822 4925 o.
1847 4868 1874 4925 3.
1897 4899 1936 4907 -
1960 4866 2025 4940 „Ex
2047 4863 2273 4941 praesentinm“.

801 4953 904 5011 13912
921 4951 1032 5026 (8976)
1055 4951 1200 5029 Episcopo
1223 4950 1385 5008 Exoniensi
1413 4951 1516 5008 scribit
1542 4951 1579 5008 de
1601 4952 1797 5028 „presbytero
1824 4953 1854 5009 in
1883 4950 2033 5010 homicidii
2061 4949 2185 5008 erImine
2207 4948 2318 5025 lapso“.

842 5035 917 5113 App.
940 5054 1020 5095 conc.
1043 5037 1108 5095 Lat.
1130 5036 1241 5094 XXVI.
1266 5037 1314 5094 13.
1337 5069 1378 5078 -
1401 5036 1628 5112 „Presbyterum
1651 5038 1741 5096 etiam
1764 5039 1878 5096 istnm“.

800 5125 904 5183 13913
921 5122 1033 5196 (8977)
1048 5123 1194 5200 Episcopo
1209 5122 1370 5180 Exoniensi
1394 5123 1496 5181 scribit
1519 5123 1555 5180 de
1569 5124 1605 5182 A.
1621 5123 1728 5181 clerico
1751 5124 1798 5197 „in
1821 5121 1987 5182 sacerdotio
2005 5121 2108 5199 genito
2122 5139 2161 5179 ex
2176 5120 2318 5178 Incestu“.

841 5207 917 5285 App.
941 5226 1021 5266 conc.
1043 5208 1108 5266 Lat.
1130 5207 1238 5266 XLVI.
1262 5210 1290 5266 3.
1313 5241 1354 5250 —-
1376 5208 1572 5285 „Suggestum
1596 5214 1641 5268 est
1662 5209 1810 5268 auribus“.

801 5295 904 5352 13914
921 5293 1033 5369 (8978)
1048 5295 1195 5372 Episcopo
1211 5293 1372 5352 Exonicnsi
1396 5295 1509 5368 suadet,
1531 5299 1565 5352 ut
1587 5295 1770 5353 sacerdotem
1786 5295 1933 5371 quendam
1949 5293 1986 5351 ad
2009 5292 2208 5351 abdicandum
2223 5311 2319 5350 sacor-

842 5378 955 5437 dotium
977 5380 1138 5438 simoniace
1160 5379 1267 5455 initum
1289 5379 1425 5439 adducat.
1470 5381 1634 5440 0011.an
1657 5398 1703 5458 ap.
1726 5381 1841 5438 Baluzii
1863 5381 1945 5438 Iliso.
1967 5380 2020 5438 III.
2044 5380 2114 5452 378,
2137 5378 2213 5455 App.
2237 5396 2318 5436 conc.

841 5465 906 5524 Lat.
928 5465 1054 5524 XXXV.
1079 5471 1107 5540 2,
1129 5465 1230 5543 Comp.
1253 5466 1291 5524 11.
1313 5466 1346 5524 L.
1370 5467 1397 5524 5.
1420 5470 1440 5525 t.
1465 5469 1492 5526 2.
1515 5485 1539 5525 0.
1556 5468 1583 5541 2,
1606 5465 1691 5525 Decr.
1710 5467 1798 5544 Greg.
1814 5467 1846 5525 L.
1862 5466 1897 5525 V.
1921 5471 1940 5524 t.
1958 5466 1984 5523 3.
2008 5484 2031 5523 c.
2049 5467 2097 5538 20,
2120 5463 2217 5521 Mansi
2232 5465 2318 5522 XXI.

758 5585 761 5616 1
843 5553 935 5611 1104.
957 5585 998 5595 -
1021 5553 1085 5626 „Ex
1108 5557 1177 5610 tuae
1199 5552 1420 5610 fraternitatis“.
