4806 6390
102 759 167 816 100.
200 761 250 816 24.
333 761 438 819 Meldis

130 1061 146 1090 ‚,
201 1019 251 1076 26.

129 2179 146 2207 ,,
201 2137 251 2193 so.

129 2435 146 2464 ‚,
202 2394 252 2452 30.
298 2412 344 2471 00.
355 2394 482 2452 1100600-

357 2499 422 2538 000

150 2653 250 2708 .1.

127 2865 145 2893 ,,
202 2824 251 2878 14.
293 2823 480 2881 Altissiodori

749 419 987 491 EUGENIUS
1016 421 1085 491 111.
1143 420 1405 492 1145-1153.
1997 423 2057 510 ,45

517 654 618 722 1147.
642 660 721 734 (Iud.
746 662 793 720 10.
805 695 832 704 —
846 671 886 718 rs.
900 667 972 736 Sept.
984 697 1014 705 -
1028 666 1076 734 11,
1093 671 1174 741 pont.
1196 685 1222 721 a.
1245 666 1273 724 2.
1284 697 1315 706 —
1329 676 1367 720 rs.
1378 665 1457 719 Febr.
1470 697 1500 704 -
1512 663 1542 734 3,
1566 663 1656 722 1146.
1671 698 1686 705 -
1706 666 1879 722 asMart-
1892 662 1997 738 1147.)

541 765 624 823 9087
641 763 753 838 (6327)
777 764 949 824 hlonasterii
972 765 1163 839 Rotoneusis,
1187 771 1295 842 rogatu
1317 767 1418 826 Ivonis
1440 766 1571 839 abbatis,
1594 767 1718 826 tutelam
1741 765 1873 844 suscipit,
1896 765 2066 843 privilegia-

584 868 641 926 que
656 849 819 924 confirmat,
841 851 979 929 imposito
994 851 1147 911 monachis
1163 871 1322 911 aureorum
1344 853 1434 910 trium
1452 871 1542 912 censu
1558 871 1667 912 annuo.
1703 853 1838 911 Marteue
1853 851 1939 910 Thes.
1954 853 1977 910 Ι.
1994 853 2065 924 403,

583 935 693 994 Morice
715 935 801 994 Mem.
824 937 860 995 de
883 939 962 997 Bret.
986 940 1008 997 l.
1033 941 1102 1013 600,
1125 938 1305 1014 Migne180
1329 956 1361 1016 0.·
1381 941 1472 998 1247.
1494 975 1533 984 -
1559 939 1771 1012 „Desiderium,
1795 938 1899 1015 quod‘.

541 1024 625 1081 0088
641 1023 753 1097 (6328)
775 1022 971 1100 Stephanum,
995 1025 1160 1102 Anglorum
1184 1043 1297 1101 regem,
1320 1029 1432 1098 monet,
1456 1029 1489 1083 ut
1511 1025 1682 1099 Robertum,
1706 1025 1876 1103 episcopum
1899 1023 2066 1082 Loudincn-

583 1126 653 1182 sem,
675 1107 828 1167 fidelitatis
851 1109 1017 1170 iuramento
1032 1129 1090 1169 non
1114 1111 1272 1188 postulato,
1294 1112 1324 1168 in
1347 1112 1474 1188 gratiam
1491 1111 1623 1189 recipiat.
1659 1110 1754 1185 „Cum
1769 1110 1842 1168 illud
1865 1110 2065 1168 iuramentum

584 1203 735 1272 praestare
758 1213 816 1252 non
839 1197 953 1273 possit“
981 1197 1078 1274 iuquit
1105 1197 1258 1271 „sufficiat
1285 1197 1455 1256 discretioni
1480 1201 1562 1271 tuae,
1591 1203 1624 1256 ut
1650 1196 1776 1274 simplici
1800 1199 1830 1254 et
1851 1196 1950 1254 veraci
1973 1195 2064 1254 verbo

584 1281 746 1358 promittat,
769 1282 848 1357 quod
870 1282 1033 1342 laesionem
1057 1283 1110 1341 tibi
1133 1284 1180 1342 vel
1203 1286 1300 1342 terrae
1325 1288 1395 1342 6000
1417 1303 1476 1341 000
1504 1284 1638 1342 inferat‘.
1682 1282 1813 1340 Willrins
1835 1281 1924 1341 (lonc.
1946 1283 1969 1341 l.
1992 1283 2063 1355 424,

583 1367 678 1424 Μο001
702 1367 785 1424 ΧΧΙ.
810 1370 879 1441 648,
903 1369 1003 1446 Migne
1028 1372 1089 1429 180
1112 1391 1140 1447 p.
1164 1372 1256 1430 1248.
1278 1403 1319 1411 -
1342 1369 1406 1444 ,Ad
1429 1369 1503 1428 haec
1526 1370 1609 1445 (hoc)
1632 1371 1787 1447 superna“.

541 1455 623 1512 9089
641 1451 754 1527 (6329)
777 1453 963 1528 Mathildem,
991 1455 1158 1531 Anglorum
1181 1456 1327 1532 reginam,
1356 1456 1504 1528 hortatur,
1532 1460 1565 1513 ut
1591 1454 1768 1528 Robertum,
1796 1454 1965 1531 episcopum
1989 1453 2066 1510 Lon-

583 1539 750 1611 (11000000,
783 1540 845 1616 regi
877 1542 1071 1600 commendet.
1121 1542 1252 1600 Willrins
1279 1541 1367 1600 Cone.
1395 1543 1417 1599 Ι.
1441 1543 1512 1616 424,
1543 1541 1639 1600 blansi
1668 1541 1847 1614 11111649,
1879 1539 1979 1616 Migne
2005 1541 2064 1599 180

583 1645 610 1702 p.
635 1627 726 1685 1249.
750 1657 789 1667 -
813 1626 1196 1698 ,,601000000660060060“.

541 1713 624 1772 9090
641 1711 753 1786 (6330)
775 1711 959 1786 7600601οο,
986 1714 1207 1792 archiepiscopo
1236 1712 1457 1786 cantuariensi,
1485 1713 1646 1790 siguificat,
1675 1731 1707 1772 se
1733 1712 1902 1784 Beruardo,
1927 1711 2065 1789 episcopo

582 1797 756 1856 60001010
779 1798 985 1873 (Menevensi),
1013 1801 1204 1878 praecipisse,
1229 1805 1261 1858 ut
1284 1801 1310 1856 ei
1334 1805 1499 1877 „tanquam
1521 1800 1641 1877 proprio
1663 1798 1915 1876 metropolitano“
1938 1802 2065 1875 pareret,

582 1884 634 1942 sed
657 1891 815 1960 utrumque
838 1885 921 1943 iubet
948 1886 997 1959 „b.
1019 1886 1118 1944 Lucae
1146 1886 1310 1945 testivitate
1338 1885 1466 1963 proximi
1493 1887 1644 1962 sequentis
1672 1885 1764 1943 00011ί
1792 1885 1856 1959 (16.
1879 1883 1943 1942 Oct.
1969 1883 2065 1956 1148)

582 1970 621 2028 ad
648 1988 713 2028 sese
739 1970 850 2028 venire.
894 1970 1042 2030 Whartou
1066 1973 1152 2049 Angl.
1176 1991 1249 2030 sacr.
1272 1972 1310 2029 ll.
1326 1973 1397 2046 546,
1421 1972 1516 2030 Menai
1532 1972 1617 2029 XXI.
1634 1973 1704 2045 628,
1727 1970 1856 2029 Haddan
1878 1970 1937 2028 and
1955 1969 2065 2026 660660

583 2056 722 2114 Oouncils
744 2057 767 2114 1.
791 2058 861 2129 354,
885 2057 986 2134 Migne
1011 2062 1071 2118 180
1095 2079 1122 2136 p.
1147 2061 1238 2118 1250.
1262 2092 1302 2100 -
1326 2057 1530 2132 „Venerabilis
1553 2059 1645 2116 frater
1666 2059 1792 2115 noster“.

541 2144 621 2202 9091
648 2141 811 2200 Theobaldi
839 2143 969 2221 episcopi
998 2149 1028 2202 et
1055 2144 1178 2222 capituli
1201 2144 1377 2202 Parisiensis
1405 2149 1550 2202 statutum
1579 2163 1668 2222 super
1695 2142 1909 2220 praeposituris
1930 2140 2066 2217 Spadone

583 2233 613 2286 ct
640 2228 744 2286 Laraci
773 2229 935 2287 confirmat.
980 2231 1014 2287 In
1043 2249 1144 2288 eorum
1174 2231 1316 2289 ecclesiae
1343 2231 1394 2288 uni
1423 2248 1567 2308 personae
1594 2231 1669 2288 dues
1697 2228 1917 2307 praeposituras
1944 2225 2066 2284 concedi

583 2319 673 2372 vetat.
716 2315 842 2390 Autogr.
865 2315 895 2372 in
919 2316 978 2374 tab.
1001 2321 1062 2374 006.
1084 2317 1178 2374 Paris.
1200 2316 1233 2374 L.
1258 2319 1328 2377 228.
1351 2336 1379 2374 0.
1402 2318 1430 2374 8.
1453 2350 1494 2358 -
1518 2317 1680 2389 „Quotiens
1701 2314 1776 2373 illud
1799 2316 1842 2373 a“.

540 2403 623 2461 9092
647 2400 843 2459 Parthenouis
866 2400 893 2458 S.
909 2402 1021 2460 Mariae
1036 2403 1223 2460 Aveunensis
1238 2403 1453 2480 protectionem
1474 2403 1605 2480 suscipit,
1628 2402 1888 2479 possessionesque
1904 2397 2066 2470 confirmat,

583 2491 702 2564 petente
730 2486 843 2545 Bertha
869 2487 1028 2546 abbatissa.
1071 2489 1106 2545 In
1136 2489 1207 2546 bibl.
1235 2493 1296 2547 nat.
1318 2489 1411 2547 Paris.
1434 2487 1507 2546 0011.
1529 2488 1653 2546 Moreau
1677 2492 1696 2546 t.
1720 2489 1769 2545 63.
1791 2487 1811 2544 1.
1834 2488 1883 2546 32.
1906 2518 1948 2528 -
1971 2483 2066 2560 „Reli-

582 2573 674 2649 giosis
697 2573 852 2631 desideriis
875 2573 1025 2650 dignum“.

540 2661 624 2718 9093
646 2659 879 2717 *Monasterium
902 2660 929 2718 6.
945 2659 1094 2718 Edmundi
1117 2661 1154 2717 06
1177 2660 1256 2717 0001
1279 2660 1406 2724 seculari
1428 2664 1576 2738 potestate
1599 2660 1703 2718 eximit
1718 2659 1841 2734 eiusque
1856 2657 1937 2716 hona
1951 2675 1986 2715 ac
2002 2655 2068 2713 iura

583 2745 744 2803 coufirmat.
789 2745 909 2821 Battely
931 2747 1053 2822 Antiqu.
1076 2746 1103 2804 6.
1128 2745 1210 2804 lldm.
1233 2765 1259 2824 p
1285 2747 1333 2805 73.

540 2833 623 2890 9094
639 2831 752 2904 (6332)
775 2831 968 2908 Presbyteros
991 2837 1021 2890 ot
1043 2832 1165 2890 clericos
1181 2832 1373 2890 ecclesiarum
1390 2831 1426 2890 ad
1443 2831 1656 2890 monasterium
1672 2831 1829 2890 Balmense
1852 2827 2066 2907 pertinentium
2083 2905 2085 2910 Ι

582 2918 671 2975 Petro
699 2917 801 2974 abbati
829 2916 1018 2976 Cluniaccnsi
1046 2918 1251 2996 obtemperare
1278 2919 1369 2976 iubet.
1414 2917 1524 2976 Bullar.
1551 2916 1683 2975 Cluniae.
1707 2937 1734 2995 p.
1759 2919 1807 2990 61,
1838 2916 1976 2992 Bouquet
1997 2914 2067 2972 Rec.

582 3003 648 3061 XV.
672 3004 742 3075 425,
766 3003 867 3079 Migne
891 3005 952 3063 180
976 3024 1003 3082 p.
1028 3007 1119 3064 1251.
1142 3039 1183 3047 -
1207 3004 1306 3078 „Sicut
1329 3004 1358 3061 in
1382 3004 1493 3081 eulpa“.

540 3092 623 3149 9095
640 3089 752 3164 (6333)
775 3089 913 3163 Henrico,
936 3089 1073 3168 episeopo
1096 3091 1283 3164 Moraviensi,
1307 3089 1493 3149 commendat
1514 3088 1745 3147 Theodewinum
1768 3087 1938 3166 episcopum
1961 3085 2067 3144 6110-

581 3175 658 3233 6000
681 3180 711 3232 06
733 3175 900 3234 (luidonem
923 3177 1019 3252 presb.
1042 3176 1121 3235 card.
1144 3177 1171 3234 6.
1187 3176 1382 3253 Chrysogoni,
1404 3177 1520 3252 legatos
1543 3175 1729 3253 apostolicos,
1754 3192 1820 3232 cum
1836 3172 1965 3233 Oonradi
1989 3172 2067 3248 regis

582 3261 781 3319 Romanorum
805 3266 835 3319 et
856 3261 998 3320 Ludovioi
1023 3263 1101 3338 regis
1124 3262 1306 3320 Francorum
1329 3262 1510 3321 exercitibus
1533 3261 1735 3339 procedentes.
1777 3260 1908 3333 Mandat,
1931 3258 2068 3316 hortetur

582 3365 684 3424 regem
715 3346 919 3421 (conradum),
952 3352 985 3405 ut
1016 3349 1158 3407 ecclcsiae
1190 3347 1539 3426 Constantinopolitanae
1571 3366 1637 3405 cum
1670 3347 1806 3404 Romana
1840 3342 2067 3421 coniungendae

583 3452 703 3510 operam
739 3439 837 3491 navet.
888 3434 1006 3492 Boczek
1037 3432 1068 3492 0.
1100 3435 1134 3492 D.
1165 3434 1204 3492 hl.
1235 3435 1258 3492 I.
1287 3436 1362 3508 257,
1394 3433 1495 3509 Migne
1525 3435 1586 3493 180
1617 3453 1644 3510 p.
1675 3433 1766 3492 1251.
1797 3468 1839 3476 -
1876 3430 1979 3505 „Sicut
2015 3433 2068 3487 tua

584 3519 693 3578 novit“.

541 3607 624 3666 9096
646 3605 758 3679 (6334)
786 3604 937 3663 Ecclesiae
965 3605 992 3664 6.
1019 3605 1181 3664 Salvatoris
1212 3605 1508 3682 Caesaraugustauae
1540 3604 1754 3683 protectionem
1786 3602 1922 3680 suscipit,
1953 3618 2067 3679 posses-

583 3692 740 3767 sionesque
762 3694 793 3749 et
814 3690 973 3768 privilegia
987 3691 1149 3764 confirmat,
1173 3695 1293 3770 petente
1308 3692 1461 3750 Bernardo
1484 3692 1630 3771 episcopo.
1660 3690 1797 3766 hrruego
1812 3688 1876 3748 Cat.
1892 3708 1938 3766 ep.
1953 3708 1980 3765 p.
1997 3688 2066 3759 669,

584 3777 685 3853 Migne
709 3779 770 3835 180
793 3797 820 3854 p.
846 3780 937 3837 1252.
960 3811 1001 3820 —
1024 3778 1076 3851 „In
1100 3777 1244 3836 eminenti
1266 3777 1371 3836 sedis“.

542 3865 624 3923 9097
642 3862 753 3935 (6335)
776 3863 989 3921 Monasterium
1012 3864 1039 3922 S.
1056 3864 1168 3922 Mariae
1184 3863 1359 3922 Lucellense
1381 3863 1525 3922 tuendum
1546 3861 1670 3939 suscipit
1686 3867 1716 3920 et
1730 3862 1810 3920 bona
1825 3859 1888 3919 eius
1904 3859 2066 3931 coufirmat,

583 3953 703 4026 petente
725 3948 895 4006 Christiano
917 3949 1035 4008 abbate.
1079 3949 1245 4028 6060001110
1260 3950 1323 4008 Ala.
1338 3949 1408 4029 dipl.
1424 3951 1446 4008 I.
1463 3951 1534 4023 233,
1556 3948 1702 4008 Trouillat
1723 3948 1801 4006 Mon.
1817 3947 1853 4005 de
1869 3946 1942 4004 Bale
1956 3946 1979 4003 I.
1996 3947 2066 4017 304,

583 4035 684 4111 Migne
708 4036 769 4094 180
792 4053 820 4112 p.
845 4036 936 4094 1253.
959 4067 1000 4077 -
1023 4034 1236 4109 „Desiderium,
1259 4036 1339 4113 quod
1361 4035 1425 4094 ad“.

541 4123 624 4184 9098
648 4119 842 4179 *Monosterii
857 4120 1089 4180 Locicrescentis
1112 4123 1311 4199 patrocinium
1326 4122 1458 4200 suscipit,
1479 4125 1600 4199 petente
1615 4120 1786 4179 Theobaldo
1801 4118 1919 4177 abbate.
1955 4116 2067 4175 Cartul.

583 4207 619 4265 de
642 4205 884 4280 hieu-croissant,
906 4205 979 4265 6011.
1002 4208 1125 4266 Moreau
1148 4214 1168 4266 t.
1191 4210 1263 4268 874.
1286 4209 1306 4267 1.
1329 4209 1390 4269 215
1414 4208 1445 4266 10
1467 4208 1538 4266 bibl.
1560 4212 1621 4265 nat.
1643 4206 1736 4264 Paris.

540 4295 622 4355 9099
647 4292 820 4359 hlonasterii
842 4293 870 4351 6.
892 4292 1005 4351 Mariae
1027 4294 1065 4351 de
1087 4294 1228 4372 Iosaphat
1243 4294 1470 4371 protectionem
1498 4293 1621 4370 suscipit
1643 4312 1678 4351 ac
1705 4291 1919 4371 possessiones,
1946 4293 2066 4367 petente

582 4379 715 4437 Gerardo
746 4378 867 4450 abbate,
899 4379 1061 4438 confirmat.
1110 4380 1157 4437 Ex
1184 4385 1300 4457 autogr.
1327 4381 1358 4438 in
1385 4379 1456 4438 bibl.
1485 4385 1544 4437 nat.
1571 4378 1664 4438 Paris.
1693 4397 1745 4437 ms.
1773 4378 1824 4437 lat.
1848 4377 1941 4436 9223.
1984 4374 2067 4432 Misit

582 4464 701 4524 Delisle.
724 4497 765 4505 —
788 4463 1000 4538 „Desiderium
1024 4465 1103 4543 quod
1126 4466 1189 4524 ad“.
1603 4507 1604 4510 ,

540 4553 623 4610 9100
646 4549 816 4609 Tcodbaldo
839 4549 1060 4628 archiepiscopo
1083 4550 1290 4611 cantuariensi
1314 4557 1343 4610 et
1365 4550 1538 4609 Alexandro
1561 4548 1770 4622 Lineolniensi,
1793 4547 1932 4623 S(imoni)
1948 4546 2066 4624 Wigor-

477 4641 481 4650 '
583 4637 680 4710 nansi,
703 4635 844 4694 Iocellino
867 4637 1077 4696 Sarisberiensi
1099 4637 1244 4715 episcopis
1267 4637 1401 4711 mandat,
1424 4641 1534 4713 cogant
1555 4636 1740 4694 Willelmum
1762 4634 1882 4707 ldartel,
1905 4634 2064 4710 Hugonem

583 4721 619 4780 de
641 4721 777 4795 Bolebec,
799 4721 984 4780 Willelmum
1007 4723 1044 4780 de
1066 4722 1150 4782 Bello
1171 4722 1292 4800 Campo,
1320 4724 1485 4782 Iohannem
1507 4722 1721 4781 Maresealoum
1743 4724 1773 4780 et
1795 4738 1898 4780 eorum
1921 4719 2064 4791 homines,

581 4813 615 4866 ut
636 4809 738 4866 ablata
760 4809 941 4866 monasterio
955 4809 1187 4868 Abhendonensi
1210 4809 1377 4867 restituant.
1421 4808 1530 4868 Chron.
1551 4812 1677 4867 monast.
1700 4808 1737 4866 de
1754 4806 1923 4885 Abingdon.
1939 4807 1976 4863 Π.
1994 4805 2064 4864 200.

582 4927 622 4935 -
645 4893 881 4971 „Religiosorum
903 4895 1029 4953 fratrum
1051 4894 1294 4954 Abbendoniae“.

539 4982 621 5039 9101
645 4980 818 5038 hlonasterii
834 4979 868 5038 Ο.
883 4981 931 5039 66.
946 4981 1203 5058 Beynwylereusis
1225 4980 1349 5040 tutelam
1368 4980 1499 5057 suscipit,
1521 4980 1660 5057 bonaque
1682 4982 1712 5038 et
1727 4979 1801 5053 iura,
1824 4982 1944 5056 petente
1958 4976 2065 5036 Wern·

581 5065 654 5124 hero
681 5066 803 5140 abbate,
830 5065 998 5141 coufirmat,
1025 5067 1164 5145 imposito
1191 5066 1344 5125 monachis
1372 5066 1502 5143 byzantii
1531 5066 1620 5125 unius
1647 5084 1737 5124 censu
1765 5084 1874 5123 annuo.
1918 5063 2065 5122 Trouillat

582 5151 770 5210 Monuments
793 5152 829 5209 de
851 5152 925 5210 Btle
947 5153 969 5211 1.
994 5155 1063 5226 306,
1096 5152 1173 5211 Gall.
1195 5151 1263 5210 chr.
1285 5152 1352 5210 XV.
1374 5152 1462 5210 Instr.
1485 5172 1512 5229 p.
1536 5155 1607 5226 204,
1638 5151 1895 5210 Solothurnisches
1916 5148 2064 5208 Woehen-

582 5236 659 5296 blatt
683 5240 773 5297 1824.
796 5257 824 5314 0.
847 5239 907 5298 261
933 5243 963 5296 06
986 5240 1056 5298 286.
1079 5271 1119 5281 -
1144 5238 1284 5312 „Quoties
1307 5236 1381 5296 illud
1403 5240 1447 5296 a“.

540 5324 623 5382 9102
644 5324 757 5398 (6336)
779 5323 929 5382 Ecclesiae
957 5324 984 5382 6.
1006 5324 1119 5382 Mariae
1145 5324 1270 5382 Dei-loci
1299 5324 1514 5403 protectionem
1542 5323 1678 5401 suscipit,
1709 5322 1969 5402 possessionesque
1996 5339 2063 5378 con-

581 5407 687 5481 firmat,
709 5413 830 5487 petente
852 5410 997 5469 Garnerio
1020 5411 1138 5469 abbate.
1181 5410 1271 5486 Hugo
1294 5410 1328 5469 Ο.
1350 5411 1383 5468 Ρ.
1404 5410 1441 5468 A.
1463 5410 1486 5468 I.
1507 5409 1555 5467 Pr.
1578 5430 1605 5487 p.
1629 5409 1699 5483 503,
1721 5409 1901 5487 1611000180
1922 5407 2062 5485 012540

582 5494 842 5638 3000100011,
874 5496 1006 5566 Quantin
1034 5495 1114 5557 Cart.
1142 5499 1209 5574 gen.
1230 5497 1254 5555 Ι.
1276 5498 1352 5555 431:
1380 5494 1433 5570 „V.
1455 5495 1494 5553 id.
1516 5496 1619 5572 Aug.“.
1644 5528 1683 5536 -
1705 5494 1880 5572 „Religiosis
1909 5491 2063 5554 desideriis

613 5584 731 5658 8¹¹l¹ffl“·
1348 5643 1349 5646 ,
