4890 6382
818 386 984 458 LUDIUS
1010 384 1079 458 III.
1136 387 1398 460 1181·-1185.

555 626 792 694 1184-1185.

145 735 220 811 hug.
261 737 288 792 2.
357 734 497 793 Veronae
579 733 1375 810 1522805555555155155555555515155155515155,
1403 738 1546 792 moueant
1568 734 1718 812 populum,
1743 739 1775 792 ut
1797 734 1975 793 xenodochii
1998 737 2102 794 Hiero-

109 841 110 844 *
621 821 791 898 solymitani
815 819 1052 892 „fraternitatem
1075 825 1229 877 assumant
1251 825 1282 877 et
1304 821 1443 878 collectas
1465 820 1603 879 faciant“.
1640 821 1685 878 De
1708 821 1898 898 amplissimis
1921 840 2023 880 eorum
2044 823 2103 901 pri-

621 907 738 984 vilegiis
762 906 852 964 addit.
896 904 1170 982 Pflugk-Harttung
1191 907 1269 963 Acta
1290 907 1329 963 II.
1352 909 1422 966 388.
1446 939 1488 948 -
1511 907 1625 981 „Quam
1648 907 1785 964 amabilis
1808 908 1888 966 deo“.

581 995 683 1054 15229
708 992 885 1070 (Stephano)
911 991 1013 1049 abbati
1028 991 1055 1050 S.
1071 992 1244 1050 Genovefae
1258 992 1420 1050 Parisiensi
1443 999 1473 1051 et
1487 992 1605 1068 P(etro)
1628 993 1741 1051 decano
1757 994 1783 1052 S.
1800 993 1941 1051 Germani
1956 993 2101 1052 Autissio-

602 1079 755 1150 dorensis
779 1080 838 1156 (55.
861 1078 1005 1152 Parisios)
1028 1078 1164 1152 mandat,
1193 1083 1302 1155 cogant
1324 1079 1492 1137 Ronaldum
1515 1079 1676 1156 quendam,
1701 1084 1734 1137 ut
1756 1080 1901 1137 decimam
1923 1081 2103 1138 monasterio

622 1166 648 1224 S.
671 1165 808 1242 Dionysii
831 1164 964 1222 ablatam
986 1165 1132 1223 restituat.
1176 1164 1368 1222 Loewenleld
1390 1165 1542 1241 Epistulae
1564 1185 1591 1242 p.
1616 1167 1686 1224 222.
1711 1199 1751 1208 -—
1783 1166 1941 1240 „Pervenit
1963 1166 2001 1224 ad
2023 1168 2103 1224 nos“.

581 1254 684 1313 15229
707 1251 803 1309 Priori
826 1255 856 1308 et
878 1249 1031 1308 monachis
1054 1250 1091 1308 de
1113 1249 1227 1309 Neveio
1251 1252 1357 1309 asserit
1379 1251 1575 1324 „oblationes,
1607 1253 1716 1309 atrium
1740 1257 1770 1309 et
1792 1251 1937 1309 minutam
1960 1252 2103 1310 decimam

623 1338 659 1396 de
683 1338 780 1410 Balbi,
813 1354 890 1413 quae
912 1336 950 1395 ab
974 1336 1099 1394 eeclesia
1121 1337 1322 1413 Regitestensi
1346 1340 1494 1396 teneant“.
1539 1339 1586 1394 Ex
1608 1337 1681 1396 Coll.
1705 1339 1826 1395 Morcau
1849 1342 1870 1396 t.
1894 1339 1943 1396 86.
1967 1338 1985 1396 f.
2010 1338 2103 1395 8815

622 1425 691 1482 bibl.
714 1428 774 1482 551.
796 1423 889 1481 Ρ5515.
932 1422 1014 1481 Misit
1036 1422 1156 1481 Delislo.
1180 1455 1221 1466 —-
1243 1423 1451 1500 „llpostolicae
1474 1424 1552 1482 sedis
1575 1423 1787 1499 benignitate“.

580 1513 685 1572 15230
706 1510 818 1584 (9690)
841 1508 998 1586 Η55511515
1020 1509 1166 1567 Ρ1555555
1188 1513 1317 1567 15515155
1338 1529 1397 1567 555
1421 1510 1562 1587 1555511511
1584 1510 1864 1589 Hierosolymitano,
1887 1509 1939 1568 sed
1962 1509 2025 1568 sedi
2048 1510 2103 1567 Re-

621 1615 728 1655 manae
750 1595 917 1654 subiectum
940 1613 1012 1653 esse.
1057 1594 1187 1653 Cornelii
1211 1595 1289 1654 Ecol.
1312 1596 1386 1654 Ven.
1409 1596 1447 1654 X.
1470 1614 1518 1654 111.
1543 1598 1612 1654 298.
1636 1630 1677 1639 -
1701 1596 1792 1669 „Cum
1816 1597 1894 1654 inter
1917 1597 1993 1654 nos“.

582 1686 683 1744 15231
707 1682 819 1757 (9691)
841 1681 1005 1739 Ecclesiam
1028 1681 1055 1739 S.
1079 1680 1182 1740 Crucis
1204 1681 1409 1760 stampensem
1438 1701 1476 1740 ex
1498 1682 1677 1740 Iudaeorum
1700 1702 1854 1760 synagoga
1882 1683 1991 1741 laetam
2014 1681 2102 1758 privi-

624 1770 709 1845 legiis
733 1769 816 1827 ditat.
846 1768 993 1826 Fleureau
1014 1768 1072 1825 Les
1095 1768 1208 1845 antiqu.
1231 1768 1415 1846 d’Estampes
1438 1789 1465 1846 p.
1482 1770 1553 1841 382,
1576 1769 1677 1845 Migne
1702 1771 1761 1829 201
1786 1789 1813 1846 p.
1833 1770 1923 1828 1316.
1946 1805 1987 1812 -
2010 1767 2102 1842 „Cum

623 1874 676 1933 per
697 1854 919 1914 mutationem“.
1194 1897 1195 1902 .

582 1943 686 2003 15232
702 1942 814 2015 (9692)
830 1940 940 1998 Abbati
956 1943 986 1997 51
1001 1938 1143 1997 fratribus
1158 1938 1185 1998 S.
1202 1939 1316 1998 Bertini
1332 1938 1489 1998 Sithiensis
1511 1940 1664 2016 permittit,
1688 1946 1738 2014 „ut
1757 1940 1787 1997 in
1804 1941 1940 1998 omnibus
1956 1939 2103 2017 parochiis

623 2028 684 2086 suis
707 2027 829 2086 elericos
851 2026 1018 2098 instituant,
1041 2025 1092 2102 qui
1115 2026 1249 2102 regimen
1272 2025 1440 2083 scholarum
1463 2026 1643 2084 obtineaut“.
1674 2026 1837 2084 0511551155
1854 2027 1905 2084 des
1921 2025 2102 2084 Oartulaires

624 2115 677 2173 III.
701 2114 772 2186 354,
794 2112 896 2188 Migne
919 2112 979 2169 201
1004 2131 1031 2188 p.
1056 2112 1148 2171 1317.
1172 2145 1210 2154 -
1235 2110 1328 2184 „Dum
1350 2131 1369 2169 5
1390 2112 1486 2170 sedo“.

584 2201 687 2260 15233
703 2198 815 2274 (9693)
837 2197 1010 2256 Monasterii
1041 2198 1078 2256 de
1101 2196 1192 2255 05515
1222 2197 1271 2256 (151
1302 2197 1461 2274 privilegia
1491 2215 1510 2254 a
1541 2197 1662 2273 regibus
1684 2198 1866 2255 Francorum
1897 2202 1927 2255 et
1958 2196 2103 2275 episeopis

624 2284 890 2343 Aurelianensibus
912 2282 1028 2341 indulta
1050 2283 1213 2356 confirmat,
1235 2284 1441 2360 prohibetque,
1463 2302 1501 2341 ne
1524 2284 1657 2341 canonici
1680 2283 1707 2343 S.
1731 2283 1833 2342 Crucis
1856 2302 1931 2360 „pro
1955 2301 1998 2356 eo,
2022 2282 2100 2359 quod

625 2372 726 2448 sigilla
749 2370 871 2448 capituli
893 2387 953 2428 non
977 2369 1037 2428 sint
1052 2369 1216 2446 privilegiis
1232 2369 1438 2447 episcoporum
1461 2369 1622 2446 apposita“,
1645 2370 1807 2446 quidquam
1824 2370 1854 2426 in
1880 2370 2005 2427 fratrum
2021 2386 2104 2446 prae-

625 2458 769 2516 iudicium
791 2455 848 2514 sibi
869 2455 1029 2514 vindicent.
1059 2455 1136 2514 Gall.
1158 2455 1226 2514 Chr.
1242 2455 1323 2514 VIII.
1346 2457 1432 2514 15515.
1456 2475 1483 2533 p.
1500 2457 1570 2528 522,
1593 2455 1694 2531 Migne
1711 2458 1769 2513 201
1788 2476 1815 2533 p.
1833 2458 1924 2516 1317.
1948 2488 1987 2496 —
2011 2453 2103 2528 „Dum

627 2545 765 2603 omnibus
787 2542 923 2600 Christi“.
1092 2595 1094 2600 ,

425 2640 464 2700 ,,’
585 2632 688 2692 15234
710 2630 822 2704 (9694)
844 2628 965 2687 Decano
988 2627 1217 2700 cenomanensi,
1248 2627 1559 2705 1.(1575155155515
1587 2623 1795 2686 archidiacono
1818 2626 2042 2702 Rotomagensi,
2075 2630 2105 2684 et

625 2717 767 2793 magistro
790 2716 869 2792 Hug.
891 2715 1040 2786 Ianuensi,
1062 2713 1232 2791 praeposito
1254 2713 1397 2772 ecclesiae
1419 2714 1446 2774 S.
1469 2714 1581 2772 Mariae
1604 2714 1641 2772 de
1663 2712 1842 2786 Castellello,
1865 2714 1996 2788 mandat,
2018 2713 2104 2770 utin

625 2803 761 2861 Dolensis
783 2806 813 2860 et
835 2801 1014 2860 Turonensis
1037 2799 1227 2857 ecclesiarum
1250 2801 1452 2859 controversia
1473 2800 1644 2859 testimonia
1665 2801 1786 2858 testium
1810 2800 2002 2878 perscribant.
2029 2799 2105 2856 Mar·

627 2895 696 2948 tene
718 2889 804 2946 Thes.
826 2887 881 2946 III.
904 2890 981 2961 910,
1012 2885 1122 2944 Merice
1144 2886 1231 2944 Mem.
1254 2886 1291 2944 de
1313 2886 1392 2946 Bret.
1415 2887 1438 2945 1.
1463 2888 1539 2960 690,
1570 2886 1672 2963 Migne
1695 2887 1755 2944 201
1780 2906 1808 2963 p.
1834 2888 1924 2946 1317.
1948 2919 1988 2928 -—
2012 2885 2105 2960 „Oum

625 2975 751 3033 dilectus
772 2973 876 3033 filius“.

585 3063 689 3122 15235
711 3060 863 3118 Ecclesiae
876 3059 1053 3118 7155511555
1074 3057 1259 3136 procuratori
1282 3059 1412 3132 mandat,
1435 3059 1594 3136 compellat
1608 3058 1781 3116 Gronellum
1797 3058 1910 3132 Caium,
1932 3063 1967 3116 ut
1988 3056 2106 3134 partho·

626 3148 697 3206 noni
719 3147 746 3205 S.
761 3146 843 3204 Petri
859 3146 1018 3204 Vicentino
1040 3145 1141 3204 ablata
1163 3144 1303 3202 restituat
1324 3163 1358 3202 ao
1380 3145 1418 3203 de
1440 3145 1531 3204 illatis
1554 3144 1670 3203 iniuriis
1693 3145 1865 3204 satisfaciat.
1896 3142 2105 3220 Pflugh-Hart·

626 3241 701 3310 tung
724 3233 802 3290 Aeta
823 3233 877 3291 III.
901 3233 971 3291 314.
994 3265 1034 3274 -
1058 3231 1192 3305 „Dilecta
1213 3231 1243 3288 iu
1266 3229 1411 3289 christo‘t

586 3323 688 3379 15236
711 3319 822 3377 Omnes
853 3318 1061 3391 alienationes,
1093 3335 1110 3375 5
1138 3316 1316 3395 praepositis
1338 3316 1476 3375 villarum
1505 3316 1647 3375 ccclesiae
1670 3316 1859 3391 Parisiensis,
1891 3316 1955 3375 sine
1982 3332 2105 3373 assensu

627 3406 759 3465 eiusdem
782 3404 905 3482 capituli
926 3404 1029 3478 factas,
1052 3403 1222 3461 1515511555
1244 3407 1372 3462 revocat.
1416 3402 1541 3479 Autogr.
1563 3403 1595 3460 in
1617 3403 1677 3461 tab.
1700 3407 1760 3462 nat.
1782 3404 1876 3462 Paris.
1898 3403 1930 3461 L.
1947 3403 2008 3459 232
2031 3419 2060 3458 5.
2077 3403 2104 3458 9.

628 3527 669 3535 -
691 3491 857 3565 „Quamdiu
880 3492 911 3548 15
934 3490 1084 3549 5551551511

587 3579 689 3637 15237
713 3577 825 3635 Abbati
843 3578 870 3636 S.
885 3577 1000 3635 11155155
1021 3576 1058 3633 de
1073 3576 1151 3634 Rota
1173 3575 1316 3648 concedit,
1339 3579 1372 3633 ut
1394 3575 1501 3633 tratres
1524 3574 1705 3648 monasterii,
1728 3575 1752 3632 si
1776 3575 1903 3648 rebelles
1925 3573 2104 3644 exstiterint,

627 3664 746 3722 iusticia
768 3663 912 3721 canonico
933 3666 1075 3720 coereeat.
1120 3662 1156 3718 In
1178 3661 1249 3720 bibl.
1271 3666 1332 3720 nat.
1354 3661 1447 3720 Paris.
1471 3661 1583 3720 Dartul.
1606 3661 1642 3719 de
1664 3662 1694 3720 la
1716 3661 1779 3718 Rue
1802 3680 1863 3737 cop.
1886 3679 1912 3718 a.
1937 3661 2028 3732 1848,
2051 3677 2105 3716 ms.

626 3751 677 3808 lat.
700 3768 788 3808 nour.
811 3767 895 3825 aequ.
920 3751 1010 3808 1227.
1033 3749 1052 3806 1.
1076 3748 1147 3806 465.
1173 3780 1208 3790 -ω
1234 3747 1397 3821 „Effectum
1420 3748 1498 3805 15515
1520 3747 1766 3825 555151551155511.

586 3838 690 3895 15238
706 3835 863 3894 055551515
872 3833 1109 3892 Β555515551055
1127 3833 1281 3892 confirmat
1295 3833 1515 3906 „institutiones
1530 3835 1661 3892 emnium
1677 3832 1867 3891 ecclesiarum
1883 3832 1978 3909 plebis
1992 3830 2105 3902 Buite“,

627 3942 646 3980 a
668 3921 868 4000 quadraginta
889 3921 975 3978 55515
998 3925 1077 3978 55155
1100 3938 1259 3996 possessas,
1281 3927 1336 3978 551.
1371 3920 1495 3977 Wiener
1517 3919 1717 3996 Sitzungsber.
1732 3919 1838 3977 XCIV.
1855 3921 1930 3976 681:
1953 3918 2028 3991 „XL
2045 3917 2104 3974 kal.

628 4008 737 4086 Sept.“;
760 4006 1033 4084 Pflugk-Harttung
1057 4005 1132 4063 heta
1152 4006 1207 4064 III.
1231 4006 1306 4064 315:
1329 4005 1397 4078 „VI
1420 4005 1478 4064 hal.
1501 4005 1598 4083 Sept.“
1630 4039 1669 4048 —
1702 4005 1747 4079 „Si
1771 4005 1890 4081 quando
1912 4003 2104 4082 postulatur“.

586 4097 689 4154 15239
706 4095 818 4169 (9695)
841 4092 1004 4168 (Conrado)
1019 4091 1181 4165 Tarvisino,
1198 4091 1371 4168 (Sigilredo)
1387 4090 1928 4168 055515551,(Α55155155)9511515551,
1944 4088 2105 4164 (Gerardo)

627 4179 799 4239 Bellunensi
826 4179 970 4256 episcopis
998 4177 1132 4250 mandat,
1164 4195 1202 4234 ne
1229 4179 1332 4236 vexari
1363 4178 1576 4236 monasterium
1603 4178 1773 4237 Fullinense
1800 4178 1907 4236 sinant.
1952 4174 2105 4233 Mitterelli

626 4268 704 4326 Ann.
727 4265 808 4324 Cam.
829 4265 881 4323 IV.
904 4285 971 4342 app.
992 4283 1020 4341 p.
1038 4266 1107 4336 119,
1129 4264 1230 4340 Migne
1247 4265 1306 4323 201
1332 4284 1359 4343 p.
1377 4267 1467 4323 1318.
1492 4298 1532 4306 -
1554 4265 1691 4338 „Quanto
1712 4264 1743 4321 in
1759 4262 1921 4342 par(ochiis
1937 4260 2104 4333 vestris?)“.

586 4354 690 4411 15240
712 4352 823 4427 (9696)
845 4350 1083 4428 Archiepiscopis
1106 4354 1136 4408 et
1166 4350 1312 4428 episeopis
1338 4351 1370 4408 in
1398 4369 1491 4426 regno
1513 4351 1693 4409 Ihancorum
1716 4349 1885 4408 constitutis
1906 4347 2041 4420 mandat,
2074 4349 2106 4403 ut

627 4438 780 4496 monachis
802 4438 829 4496 S.
852 4437 987 4513 Dionysii
1010 4437 1047 4494 ad
1070 4436 1261 4513 exsequenda
1288 4437 1459 4495 monasterii
1488 4437 1554 4496 1555
1581 4437 1773 4515 55115155155.
1818 4435 1948 4493 Doublct
1969 4434 2045 4492 Hist.
2068 4432 2105 4490 de

627 4525 667 4582 St.
690 4525 791 4600 Denys
812 4543 840 4600 p.
864 4525 934 4596 518,
957 4523 1057 4598 Migne
1081 4524 1141 4581 201
1166 4542 1193 4599 p.
1219 4524 1309 4581 1319.
1333 4555 1372 4565 -
1396 4522 1488 4596 „Oum
1510 4524 1538 4581 b.
1560 4523 1722 4601 DionysiI“.

586 4612 688 4668 15241
712 4609 885 4668 Monastcrii
908 4609 935 4667 S.
957 4608 1092 4685 Dionysii
1115 4609 1314 4685 possessiones
1337 4609 1481 4684 quasdam
1503 4609 1665 4668 confirmat.
1700 4607 1886 4685 Autograph.
1908 4607 1938 4664 in
1962 4605 2021 4663 tab.
2044 4607 2104 4661 nat.

627 4696 720 4754 Poris.
743 4696 775 4754 L.
799 4697 870 4754 232.
892 4714 920 4752 n.
945 4696 993 4752 19.
1016 4727 1058 4736 -
1080 4694 1145 4768 „Ex
1167 4694 1300 4753 iniuncto
1322 4694 1434 4753 nobis“.

587 4783 691 4841 15242
715 4781 882 4856 (Μ5551115)
905 4780 1042 4858 55155555
1057 4779 1219 4838 Parisiensi
1242 4785 1271 4838 et
1293 4780 1406 4839 decano
1428 4780 1455 4839 S.
1471 4780 1611 4838 Germani
1627 4779 1897 4838 Autissiodorensis
1919 4777 2050 4851 mandat,
2073 4779 2107 4832 ut

628 4866 770 4925 fratribus
793 4866 1043 4924 Gorniacensibus
1065 4885 1084 4923 a
1106 4866 1190 4924 laicis
1213 4866 1399 4942 quibusdam,
1415 4867 1494 4924 infra
1515 4868 1687 4944 parochiam
1709 4867 1746 4924 de
1761 4867 1887 4923 11555515
1909 4871 2004 4923 terras
2020 4868 2049 4920 51
2064 4861 2106 4920 vi-

627 4971 699 5011 neas
714 4971 816 5011 eorum
832 4953 1010 5026 tenentibus,
1033 4952 1161 5010 decimas
1184 4952 1260 5010 solvi
1281 4952 1412 5011 iubeant.
1438 4953 1473 5010 In
1489 4953 1581 5011 tabul.
1596 4957 1656 5012 nat.
1673 4953 1765 5011 Paris.
1782 4951 1893 5009 Oartul.
1912 4951 1948 5008 de
1964 4950 2106 5024 Goumay

629 5059 650 5098 5.
673 5039 757 5096 XIII.
779 5038 837 5097 LL.
862 5040 943 5097 1397
969 5038 987 5096 1.
1012 5040 1102 5097 9.-
1126 5037 1302 5112 „Querelam
1325 5039 1526 5097 dilectorum“.

437 5162 444 5191 ‚
563 5127 688 5192 115243
712 5124 873 5202 1151550555
896 5129 926 5182 51
955 5123 1084 5182 decanos
1105 5123 1254 5197 hortatur,
1286 5129 1319 5183 ut
1347 5143 1414 5183 cum
1436 5125 1552 5198 „trater
1573 5125 1741 5204 Stephanus
1764 5143 1853 5202 super
1875 5141 1968 5199 aquas
1989 5121 2105 5179 Rodani

559 5221 562 5227 ’
628 5215 748 5288 pontem
777 5209 927 5268 aedificari
955 5209 1120 5268 decreverit
1146 5215 1176 5268 et
1203 5214 1327 5269 stratam
1356 5210 1504 5289 publicam
1531 5212 1748 5270 transeuntium
1776 5211 1899 5268 reddere
1926 5209 2105 5278 meliorem“,

628 5297 733 5354 saltem
761 5296 850 5354 semel
879 5296 909 5352 in
937 5313 1015 5353 anno
1043 5296 1080 5354 ad
1108 5295 1205 5354 locum
1228 5296 1372 5355 accedant
1399 5298 1591 5374 subditosque
1614 5316 1695 5371 sues,
1723 5297 1896 5354 remissione
1918 5298 2106 5374 peecatorum

628 5383 793 5460 proposita,
816 5382 853 5440 sd
875 5381 1047 5457 largiendas
1069 5383 1256 5458 elemosynas
1278 5383 1436 5441 adducant.
1480 5384 1589 5457 (Breve
1612 5384 1668 5440 hoe
1690 5383 1721 5439 15
1744 5383 1922 5441 55555115515
1943 5378 2107 5458 5555151155

628 5468 772 5527 dictatum
795 5487 872 5541 csse,
895 5486 981 5526 nemo
1004 5469 1077 5526 mihi
1099 5469 1313 5547 persuadebit).
1357 5469 1475 5549 Guigue
1498 5469 1574 5528 Bibl.
1597 5469 1665 5530 hist.
1688 5468 1727 5530 du
1749 5469 1900 5550 Lyonnais
1922 5468 1945 5526 I.
1970 5466 2040 5530 129.
2064 5499 2102 5510 -·

627 5553 791 5632 „Operibus
814 5553 966 5632 pietatis“.
1550 5605 1551 5608 ,
