4874 6390
342 386 415 461 336
975 384 1266 459 Annxnnnnn
1291 385 1359 458 ΙΙΙ.
1416 385 1679 457 1159-1181.

770 622 1006 690 1178-Π79.

353 734 423 793 Mai.
453 733 501 790 14.
569 730 710 789 Laterani
792 731 897 789 13264
919 729 1159 808 Compositonem
1181 731 1260 789 inter
1282 731 1389 790 iratres
1411 730 1438 790 S.
1453 730 1569 789 Bertini
1592 729 1755 789 Sithienses
1778 735 1808 790 et
1834 731 1998 806 burgenses
2020 731 2047 790 S.
2070 730 2233 790 Audomari
2256 731 2315 790 166-

833 820 894 874 tam
917 836 936 874 a
950 817 1097 894 Philippo,
1119 816 1278 875 Plandriae
1293 818 1409 890 comite,
1431 817 1595 875 confirmat.
1628 816 1701 894 Ciry
1717 817 1794 875 Hist.
1810 817 1847 876 de
1869 817 1899 876 la
1914 818 1984 876 ville
1999 817 2036 876 de
2051 817 2079 876 S.
2095 817 2185 875 Omer
2200 838 2227 896 p.
2243 819 2315 876 393.

834 935 874 945 —
897 902 1054 976 „Relatum
1077 908 1122 961 est
1144 903 1255 960 nobis“.
1877 941 1880 944 -

382 1036 398 1066 „
454 990 500 1046 16.
633 1032 648 1060 ,,
792 989 896 1047 13266
919 989 1069 1046 Ecclesiae
1084 988 1111 1047 S.
1126 988 1233 1046 Felicis
1256 988 1470 1066 protectionem
1492 989 1623 1066 suscipit,
1646 989 1905 1065 possessionesque
1928 993 1959 1047 et
1973 987 2131 1066 privilegia
2152 988 2315 1062 confirmat,

833 1079 953 1152 petente
969 1075 1097 1150 Hugone
1120 1075 1226 1152 priore.
1257 1073 1360 1132 Codex
1382 1074 1451 1150 dipl.
1473 1073 1681 1148 6661816616,
1705 1092 1793 1150 quem
1815 1075 1980 1152 composuit
2002 1081 2032 1132 et
2047 1075 2178 1153 possidet
2192 1075 2315 1152 Ulysses

833 1160 991 1218 Chevalier
1012 1161 1208 1218 Romanensis
1230 1160 1249 1218 1.
1273 1163 1323 1219 17.
1346 1193 1387 1202 -
1410 1159 1457 1234 „Si
1480 1160 1598 1236 quando
1621 1179 1640 1217 a
1660 1161 1772 1219 nobis“.

383 1293 398 1324 „
451 1249 501 1305 26.
635 1289 650 1319 ,,
793 1248 895 1305 13266
918 1246 1132 1304 Monasterium
1146 1245 1298 1304 Vcrdense
1328 1246 1471 1305 tuendum
1500 1245 1623 1324 suscipit
1652 1247 1774 1322 eiusque
1803 1246 2011 1324 possessiones,
2034 1247 2064 1303 in
2088 1245 2135 1304 his
2159 1247 2315 1305 ecclesiam

832 1332 984 1390 Lothusen
1008 1333 1037 1390 in
1060 1332 1202 1390 Flandria
1224 1333 1311 1390 sitam
1334 1338 1364 1390 66
1386 1333 1599 1390 monasterium
1620 1332 1859 1391 Helmestetense
1882 1332 2044 1392 continuat.
2076 1333 2241 1392 Wolframo
2264 1334 2315 1391 ab·

833 1418 896 1476 bati
918 1437 1004 1476 usum
1019 1417 1231 1496 pontificalium
1246 1419 1360 1477 asserit.
1390 1418 1664 1494 Pflugk-Harttung
1679 1420 1755 1476 Acta
1769 1419 1791 1476 I.
1808 1421 1878 1477 268.
1894 1452 1935 1459 -
1958 1419 2061 1492 „Votis
2080 1425 2111 1477 et
2134 1419 2316 1478 desiderint

382 1552 398 1581 ‚,
452 1507 502 1562 26.
636 1547 652 1577 ,,
794 1506 895 1563 13267
918 1504 1022 1562 *Inter
1049 1504 1207 1562 canonicos
1229 1505 1256 1562 8.
1278 1504 1417 1562 Andreae
1440 1509 1470 1562 et
1497 1505 1656 1562 monachos
1679 1505 1705 1563 S.
1729 1504 1832 1562 Crucis
1854 1504 2085 1580 Burdigalenses
2107 1524 2197 1582 snper
2218 1505 2315 1583 capel-

528 1667 530 1686 Ι
833 1589 915 1648 16616
936 1589 964 1648 8.
987 1590 1090 1648 Crucis
1112 1590 1239 1666 aliisque
1261 1610 1280 1648 a
1302 1589 1461 1649 Guillelmc
1484 1591 1706 1668 archiepiscopo
1728 1596 1827 1649 actum
1850 1590 2005 1648 arbitrium
2029 1591 2143 1668 probat.
2185 1593 2220 1649 In
2243 1591 2314 1649 bibl.

355 1766 419 1823 lun.
474 1693 530 1832 ..1
634 1805 649 1835 ,,
793 1681 896 1822 elil
913 1676 1976 1838 6166616116616111116611111661116111.
1999 1763 2037 1820 a
2220 1763 2315 1840 ..n

834 1865 907 1924 erga
928 1865 960 1905 se
988 1852 1018 1906 66
1039 1848 1204 1906 Romanam
1233 1847 1389 1906 ecclesiam
1415 1847 1503 1906 fidem
1531 1867 1572 1922 „a
1594 1849 1740 1926 principio
1763 1848 1952 1906 schismatis“
1976 1849 2152 1926 impensam,
2184 1854 2315 1907 castrum

528 1849 530 2008 l
833 1933 952 1991 Ariciae
975 1934 1005 1991 in
1028 1934 1149 1993 feudum
1177 1933 1319 1992 concedit.
1364 1934 1430 2007 („V.
1454 1934 1492 1992 id.
1515 1935 1610 2008 Iun.“)
1654 1934 1784 1992 Theiner
1806 1933 1877 1992 Cod.
1899 1933 1969 2011 dipl.
1998 1934 2073 1993 dom.
2096 1941 2185 2012 temp.
2208 1954 2230 1992 s.
2253 1935 2314 1992 sed.

528 2015 530 2168 Ι
833 2020 875 2146 I—
874 2021 913 2078 24
916 2065 939 2163 ὸ
940 2020 1046 2163 έὲἕὲῃ
1049 2019 1435 2165 6666666066666666616
1450 2020 1516 2078 VII.
1533 2023 1582 2093 21,
1605 2019 1655 2077 661
1678 2039 1834 2098 perperam
1850 2020 1932 2079 bulla
1947 2020 2032 2079 Alex.
2048 2021 2086 2078 H.
2101 2021 2231 2098 ascripta
2246 2021 2315 2095 est).

383 2225 422 2267 „·
455 2197 502 2251 11.
630 2235 646 2263 „
794 2150 1078 2266 13269”R(0bert0)
1101 2152 1509 2269 archiepiscopo'Viennensi
1532 2197 1562 2249 et
1585 2191 1710 2266 O(dcni)
1733 2192 1870 2270 episcopo
1892 2192 2099 2250 valentinensi
2122 2192 2253 2266 mandat,
2276 2211 2314 2250 ne

561 3132 720 3190 Tusculani

530 5245 532 5322 l

530 5529 534 5580 l

835 2277 990 2335 ecclesiam
1012 2276 1039 2335 S.
1062 2277 1168 2336 Felicis
1191 2297 1210 2335 a
1231 2277 1279 2336 W.
1302 2278 1411 2336 abbate
1438 2278 1475 2335 dc
1498 2276 1616 2335 Claireu
1639 2276 1822 2352 (Clariaccl)
1851 2284 1880 2336 et
1906 2278 2064 2355 nepotibus
2087 2278 2201 2354 0666611
2225 2297 2316 2355 super

835 2362 1001 2421 hereditate
1024 2363 1152 2438 quadam
1175 2364 1278 2422 vexari
1301 2364 1409 2422 sinant.
1441 2363 1512 2422 Ccd.
1535 2362 1605 2440 dipl.
1627 2364 1690 2421 ord.
1712 2365 1739 2422 S.
1762 2363 1849 2436 Ruffi,
1873 2383 1960 2441 quem
1983 2365 2148 2441 composuit
2170 2370 2200 2422 et
2222 2365 2315 2442 possi·

751 2401 754 2514 l
836 2448 886 2505 det
908 2448 943 2506 U.
966 2449 1123 2507 Chevalier
1145 2451 1341 2508 Romanensis
1363 2450 1383 2508 1.
1408 2451 1456 2508 18.
1481 2483 1519 2492 —
1544 2450 1607 2522 „Ex
1629 2454 1714 2526 parte
1737 2451 1939 2512 dilectorum“.

795 2535 898 2593 13270
921 2533 1173 2612 Compositioncm
1194 2537 1273 2594 inter
1294 2535 1465 2613 episcopum
1492 2539 1523 2593 et
1544 2536 1701 2594 canonicos
1724 2536 1918 2594 Elbrciccnses
1940 2555 2029 2613 super
2050 2536 2315 2595 consuetudinibus

836 2620 1013 2697 quibusdam
1036 2640 1055 2678 a
1077 2622 1235 2697 (Rotrcdo)
1259 2622 1481 2699 archiepiscopo
1503 2621 1716 2697 Rotomegensi
1739 2622 1849 2680 factam
1871 2621 2025 2700 approbat.
2065 2621 2144 2680 Cart.
2167 2622 2207 2680 du
2229 2622 2314 2700 cbap.

836 2706 984 2764 d’blvreux
1006 2727 1028 2765 s.
1043 2707 1252 2766 >tm-xlv.
1269 2708 1288 2766 1.
1305 2711 1332 2766 2.
1349 2709 1436 2766 Arch.
1460 2707 1524 2785 dep.
1547 2706 1584 2766 dc
1606 2707 1705 2766 l'ldure
1726 2708 1755 2765 in
1771 2708 1957 2766 6166666-
1979 2707 2078 2781 „Sicut
2093 2707 2228 2784 iniquum
2243 2711 2315 2766 est“.

795 2793 896 2850 13271
921 2791 1087 2868 *Conrado
1110 2794 1342 2852 Pomeranorum
1365 2794 1510 2871 episcopo,
1534 2793 1663 2852 decimas
1686 2814 1705 2853 6
1727 2794 1853 2853 subditis
1876 2795 1937 2852 suis
1960 2793 2095 2852 exbiberi
2119 2794 2210 2852 iubet.
2237 2794 2315 2851 Vide

835 2877 895 2936 tab.
911 2876 1040 2936 Conradi
1063 2898 1110 2956 66.
1125 2879 1309 2938 Hasselbach
1325 2879 1396 2938 Cod.
1411 2880 1493 2938 Pom.
1516 2879 1586 2957 dipl.
1610 2881 1632 2937 Ι.
1650 2884 1719 2955 131,
1743 2880 1778 2939 61.
1794 2879 1993 2938 Pommerscb.
2016 2879 2210 2938 Urkundenb.
2225 2881 2248 2938 I.
2264 2882 2315 2938 60.

355 2537 409 2594 Iul.
456 2538 503 2595 10.

770 3025 871 3094 1179.
895 3031 975 3106 (66.
1000 3034 1090 3092 16-
1105 3035 1332 3105 recept-13,
1348 3041 1429 3111 pom.
1452 3056 1478 3092 a.
1501 3036 1591 3094 20.-
1606 3037 1833 3107 arsen-21,
1857 3034 2289 3110 66.-66666469.)

795 3135 899 3193 13272
915 3133 1028 3209 (8669)
1051 3134 1266 3194 Monasterium
1288 3137 1315 3194 S.
1337 3136 1443 3194 Florae
1458 3137 1615 3195 Aretinum
1638 3138 1781 3195 tuendum
1805 3137 1935 3214 suscipit,
1959 3139 2082 3214 eiusque
2104 3137 2183 3196 bona
2205 3142 2235 3195 et
2258 3137 2317 3215 pri-

836 3219 960 3295 6116616,
982 3225 1102 3297 6666666
1124 3220 1311 3280 Hominedeo
1333 3221 1453 3294 abbate,
1476 3222 1638 3281 confirmat.
1681 3223 1846 3300 blargarini
1868 3223 1944 3281 Bull.
1967 3224 2032 3282 Cas.
2054 3223 2092 3282 H.
2117 3224 2193 3296 194,Ι
2213 3222 2316 3299 111666

838 3307 900 3365 200
923 3324 950 3382 p.
975 3308 1066 3365 1201.
1089 3339 1131 3348 -
1154 3307 1242 3380 „Piae
1265 3307 1451 3384 postulatio“.

638 3433 653 3461 „
752 3409 754 3476 ξ
795 3393 898 3449 13273
921 3391 1095 3449 Monasterii
1117 3390 1290 3451 Casae-Dei
1312 3393 1438 3450 tutelam
1465 3394 1601 3472 suscipit,
1633 3387 1894 3471 possessionesque
1921 3399 1951 3451 et
1973 3393 2131 3470 privilegia
2152 3393 2316 3466 confirmat,

356 3137 419 3195 Ian.
476 3138 503 3193 2.

385 3437 400 3468 rr
476 3395 494 3450 2

751 3479 754 3520 1
835 3482 955 3554 6666666
970 3477 1137 3535 Bertrando
1161 3479 1277 3537 abbate.
1308 3479 1462 3537 Fratribus
1485 3480 1572 3537 unius
1596 3480 1727 3556 byzantii
1750 3499 1870 3538 censum
1889 3498 2020 3539 annuum
2043 3480 2176 3557 imponit.
2203 3479 2315 3552 (Notae

751 3527 754 3652 l
835 3563 976 3640 temporis
1003 3569 1160 3641 corruptae
1187 3569 1217 3623 66
1239 3565 1270 3622 16
1292 3565 1559 3642 subscriptionibus
1581 3566 1765 3642 „Gregorius
1787 3585 1833 3643 ep.
1848 3565 2036 3624 Sabinensis“
2058 3570 2194 3642 apparet;
2218 3582 2315 3641 neque

752 3687 753 3696 ¹
835 3653 934 3706 tamen
950 3648 1063 3707 bullam
1086 3651 1218 3727 spuriam
1240 3650 1417 3724 existimem,
1440 3651 1511 3727 quia
1532 3651 1670 3709 librarios
1692 3653 1787 3710 multa
1808 3670 1846 3709 ex
1869 3651 2059 3728 6661666616
2081 3651 2245 3709 correxisse
2268 3650 2315 3708 661

752 3711 754 3815 l
834 3735 978 3793 adiecisse
994 3735 1040 3793 vel
1064 3736 1255 3812 neglegentia
1278 3736 1495 3814 depravavisse,
1518 3743 1621 3795 notum
1637 3742 1694 3808 est,
1717 3739 1753 3795 61.
1776 3757 1866 3815 supra
1887 3756 1967 3796 num.
1992 3739 2095 3795 13119
2119 3737 2250 3795 eiusdem
2274 3743 2317 3794 te·

752 3837 754 3962 Ι
835 3820 923 3892 noris,
947 3820 997 3877 ubi
1021 3821 1158 3896 Gregorii
1181 3840 1288 3880 riomen
1312 3823 1418 3897 deest.)
1462 3821 1734 3882 6666616666.
1758 3823 1794 3880 de
1817 3822 2112 3881 ClermcntFerrand
2136 3823 2219 3880 XIX.
2244 3824 2315 3892 299,

836 3907 886 3980 (ex
911 3907 1018 3981 quibus
1040 3907 1085 3981 in)
1100 3907 1179 3965 Mon.
1201 3913 1282 3985 pont.
1299 3907 1463 3967 Arverniae
1487 3929 1513 3986 p.
1537 3911 1607 3967 307.
1630 3943 1671 3950 —-
1694 3910 1871 3986 „Susceptae
1894 3908 2186 3967 administrationis“.
2345 3905 2348 3910 ’

795 3992 898 4049 13274
922 3991 1075 4050 bhatribus
1090 3993 1117 4050 S.
1133 3993 1208 4050 sixti
1224 3994 1404 4051 Placentinis
1428 3995 1580 4071 praecipit,
1604 3999 1637 4051 ut
1659 3995 1759 4052 abbati
1775 3994 1936 4052 Casae-Dei
1960 3995 2089 4052 debitam
2114 3993 2314 4052 obedientiam

837 4081 996 4153 praestent.
1040 4078 1127 4135 hiem.
1157 4079 1193 4135 de
1220 4078 1914 4154 1’666(1.(1601666666-1’66666(111116306,
1946 4081 2025 4140 Mon.
2047 4087 2127 4158 pont.
2149 4079 2315 4138 Arverniae

837 4181 864 4238 p.
887 4164 958 4220 313.
982 4195 1022 4204 —
1045 4162 1313 4240 „Conquestionem
1335 4165 1535 4224 dilectorum“.

795 4248 899 4305 13276
922 4248 1056 4322 (Ρ66616)
1079 4249 1216 4328 66166666
1239 4249 1475 4309 Claromontensi
1498 4251 1632 4324 mandat,
1656 4251 1814 4328 compellat
1836 4251 1891 4308 sub
1914 4250 2063 4310 interdicti
2086 4269 2182 4328 poena
2205 4249 2315 4308 milites

837 4332 873 4390 de
888 4332 1009 4407 Alcone,
1032 4340 1065 4391 ut
1081 4335 1174 4412 ipsius
1191 4336 1280 4393 castri
1303 4336 1458 4394 ecclesiam
1473 4337 1500 4394 S.
1516 4337 1670 4394 Laurentii
1686 4337 1827 4394 fratribus
1843 4336 2003 4395 Casae-Del
2019 4336 2153 4396 reddant.
2175 4337 2314 4394 666666-

837 4417 897 4475 1616
920 4419 1071 4496 1161666166
1094 4440 1121 4498 p.
1146 4423 1215 4480 173.
1238 4455 1279 4464 -
1302 4423 1477 4496 „Querelam
1500 4422 1675 4480 dilectorum
1697 4423 1852 4481 filiorum“.

796 4506 898 4563 13276
922 4505 1070 4564 Herberto
1093 4506 1194 4564 abbati
1209 4507 1236 4565 S.
1252 4507 1426 4567 Theoderici
1442 4508 1596 4567 Remensis
1618 4509 1808 4586 privilegium
1831 4508 1891 4566 dat.
1913 4507 2012 4565 Neues
2027 4507 2138 4566 Archiv
2155 4507 2221 4566 VII.
2244 4509 2315 4567 104.

836 4622 877 4630 —
900 4590 1097 4666 „Religiosam
1120 4592 1239 4651 vitam“.
1710 4595 1714 4604 '

796 4676 898 4734 13277
915 4676 1051 4751 (86696)
1073 4677 1270 4736 Parthenonis
1293 4677 1319 4736 S.
1342 4679 1455 4736 Mariae
1477 4678 1622 4737 Maiensis
1644 4680 1858 4756 protectionem
1881 4679 2016 4755 suscipit,
2048 4678 2171 4755 iuraque
2194 4683 2224 4735 et
2247 4697 2314 4755 pos·

836 4761 981 4819 sessiones
1004 4762 1166 4836 confirmat,
1190 4768 1309 4840 petente
1331 4764 1478 4841 Philippo,
1500 4765 1720 4841 archiepiscopo
1743 4763 1922 4823 Coloniensi.
1960 4765 2037 4822 Acta
2058 4764 2105 4823 811.
2128 4764 2214 4822 Febr.
2235 4763 2267 4820 Τ.
2292 4764 2314 4821 Ι.

837 4849 907 4920 921,
930 4848 1019 4923 Η66ο
1042 4849 1076 4907 0.
1098 4849 1130 4908 P.
1152 4849 1188 4907 A.
1212 4851 1249 4908 ll.
1272 4849 1318 4906 Pr.
1343 4853 1391 4909 77.
1414 4884 1454 4892 -
1478 4851 1569 4924 „Cum
1592 4851 1803 4909 infirmioribus
1826 4850 1991 4908 membris“.

639 4973 654 5000 ,‚
753 4973 755 5058 ⁴
796 4933 899 4991 13278
915 4934 1027 5008 (8660)
1049 4934 1222 4993 Monasterii
1242 4936 1269 4993 S.
1285 4935 1455 4993 Godehardi
1478 4936 1744 4994 Hildesbeimensis
1767 4937 1980 5014 protectionem
2003 4935 2133 5013 suscipit,
2156 4934 2315 5011 possessio·

385 3995 495 4064 „2

386 4249 495 4320 ,,2

386 4717 401 4746 ,,
456 4676 494 4732 17

386 4548 400 4576 ,,
456 4506 504 4561 12.

385 4973 401 5001 ,,
457 4932 504 4990 17.

753 5089 755 5106 .
836 5037 948 5095 nesque
971 5020 1178 5098 666616116616
1194 5020 1355 5094 confirmat,
1378 5026 1498 5099 petente
1514 5023 1645 5081 Arnoldo
1660 5023 1777 5081 abbate.
1809 5022 2081 5098 Pflugk-Harttung
2095 5021 2172 5079 Acta
2186 5021 2224 5077 ll.
2241 5022 2314 5078 372.

753 5125 755 5144 2
836 5137 877 5146 —
900 5103 1065 5177 „Effectum
1087 5107 1166 5164 iusta
1188 5107 1433 5183 postulantibus“.

499 5231 504 5244 .
796 5189 898 5247 13279
922 5187 1084 5248 Confirmat
1106 5192 1348 5268 compositionem
1372 5211 1390 5250 a
1412 5192 1577 5266 Willclmo,
1609 5193 1830 5270 archiepiscopo
1852 5192 2004 5266 Remensi,
2035 5211 2081 5269 ap.
2112 5190 2173 5248 sed.
2203 5190 2314 5266 legato,

385 5231 401 5258 „
455 5188 496 5245 20

836 5274 945 5332 iactam
969 5276 1046 5334 inter
1068 5277 1228 5334 monachos
1250 5278 1277 5335 S.
1301 5277 1420 5354 Aygulli
1443 5283 1473 5336 et
1496 5279 1614 5337 domum
1638 5278 1877 5336 elemosinariam
1898 5278 1988 5336 castri
2009 5276 2202 5335 Pruvinensis
2224 5295 2315 5353 super

753 5391 754 5420 r
836 5377 907 5417 area
929 5360 1066 5438 quadam,
1089 5363 1127 5420 ab
1143 5363 1272 5421 Henrico
1295 5365 1403 5422 comite
1417 5363 1555 5422 Trecensi
1579 5364 1750 5442 praedictae
1773 5364 1872 5422 domui
1890 5369 1993 5422 contra
2008 5363 2134 5421 fratrum
2149 5362 2176 5419 S.
2192 5361 2313 5438 Aygulti

653 5489 654 5492 ¹
836 5447 1021 5505 voluntatem
1044 5466 1191 5506 concessa.
1228 5449 1359 5522 (Bullam
1382 5450 1481 5508 datam
1504 5469 1568 5508 esse
1592 5455 1658 5527 post
1679 5468 1726 5507 an.
1751 5453 1842 5523 1178,
1864 5452 1971 5527 probat
1993 5455 2075 5507 carta
2098 5447 2243 5506 (luidonis
2265 5447 2314 5505 Se-

752 5469 755 5593 l
836 5533 976 5590 nonensis
999 5533 1078 5610 apud
1100 5534 1206 5592 Lalore
1229 5534 1248 5591 l.
1270 5535 1288 5592 l.
1313 5555 1338 5612 p.
1355 5537 1425 5607 263,
1449 5540 1478 5594 66
1501 5541 1571 5593 6666
1594 5535 1621 5592 d.
1647 5537 1673 5591 7.
1696 5535 1782 5593 Mart.
1806 5537 1897 5608 1179,
1920 5534 2026 5613 probat
2048 5535 2153 5592 titulus
2168 5532 2312 5591 Willelnri
