4860 6376
618 1282 960 1388 ADDENDA
997 1285 1084 1385 ΕΤ
1124 1281 1602 1388 CORRIGENDA.

1007 1595 1217 1604 ——.-—--—

299 1847 472 1906 Addenda
495 1855 530 1906 et
551 1848 779 1926 Corrigenda
805 1853 862 1912 hac
884 1853 1049 1910 intentione
1072 1852 1257 1910 seiunximus
1279 1871 1298 1909 a
1319 1851 1589 1929 Supplemento,
1622 1850 1708 1908 utin
1731 1849 1790 1906 illis
1813 1849 1913 1907 omnia
1939 1868 1988 1922 ea,
2020 1869 2097 1926 quae

128 1949 159 2005 in
183 1950 309 2025 regestis
331 1969 422 2028 supra
443 1951 502 2008 iam
526 1952 637 2010 notatis
659 1955 804 2014 mutanda
824 1961 918 2029 erant,
940 1955 970 2012 in
993 1954 1049 2013 hoc
1072 1972 1142 2013 vero
1165 1973 1243 2030 nova
1262 1959 1387 2030 regesta,
1411 1971 1487 2030 quae
1510 1973 1547 2012 ex
1570 1954 1654 2011 libris
1672 1958 1724 2011 aut
1746 1952 1897 2030 impressis
1916 1957 1973 2010 aut
1995 1970 2097 2010 manu·

128 2051 246 2129 scriptis
268 2051 393 2130 adipisci
416 2053 574 2131 potuimus,
596 2055 627 2112 in
649 2075 742 2116 unum
764 2058 979 2134 colligeremus.
1023 2056 1109 2125 Quod
1130 2056 1177 2114 bis
1199 2056 1246 2114 vel
1268 2063 1314 2114 ter
1335 2075 1354 2114 a
1371 2057 1489 2131 ·regula
1515 2075 1534 2114 a
1557 2057 1642 2114 nobis
1673 2055 1811 2114 instituta
1834 2055 2035 2128 discessimus,
2067 2056 2096 2113 id

126 2172 186 2213 non
209 2155 273 2212 sine
296 2156 468 2215 rationabili
489 2175 580 2216 causa
601 2177 654 2217 nos
677 2160 782 2220 fecisse
805 2161 892 2220 facile
914 2166 1117 2238 cognoscetur.

298 2259 333 2315 In
356 2259 509 2319 Addendis
532 2279 624 2320 novas
646 2264 805 2342 praecipue
827 2269 982 2322 auctorum
1011 2263 1058 2321 vel
1080 2262 1324 2322 documentorum
1347 2259 1505 2334 editiones,
1533 2279 1610 2337 quae
1633 2261 1745 2318 ultimis
1769 2259 1815 2318 his
1837 2261 1924 2318 annis
1946 2261 1977 2317 in
1999 2261 2095 2318 lucem

128 2359 314 2436 prodierunt,
337 2362 460 2420 laudare
482 2381 602 2422 necesse
625 2372 697 2424 erat.
740 2366 816 2426 Sunt
838 2385 908 2425 vero
931 2366 990 2424 duo
1012 2385 1111 2444 opera,
1134 2383 1260 2442 quorum
1282 2363 1409 2421 alterum
1431 2381 1667 2441 nonnumquam,
1690 2363 1818 2422 alterum
1840 2381 2002 2440 numquam
2026 2363 2096 2420 cita-

126 2463 237 2522 vimus:
259 2464 349 2522 Liber
371 2465 547 2542 pontificalis
569 2486 588 2525 a
603 2467 772 2527 Dnchesnio
795 2474 924 2543 curatus,
943 2473 973 2528 et
993 2469 1161 2546 Specimina
1184 2467 1354 2525 chartarum
1377 2467 1548 2545 pontificum
1564 2467 1764 2526 Romanorum
1787 2486 1806 2525 a
1827 2466 1903 2524 Iulio
1926 2466 1963 2525 de
1978 2465 2097 2542 Pfluglr-

126 2565 278 2643 Harttung
300 2567 458 2627 delineata.
504 2569 589 2637 Quod
612 2571 650 2629 ad
673 2572 796 2631 Librum
819 2573 1018 2651 pontificalem
1041 2570 1177 2647 pertinet,
1210 2576 1354 2629 annotare
1376 2570 1499 2643 suflicit,
1523 2571 1554 2627 in
1576 2569 1738 2627 novissima
1766 2568 1830 2626 eius
1853 2569 1996 2642 editione,
2019 2587 2096 2645 quae

125 2669 188 2728 sola
209 2669 298 2728 bodie
320 2671 359 2729 ab
382 2669 524 2731 historiae
547 2673 687 2732 studiosis
710 2673 880 2735 adllibenda
902 2681 955 2748 est,
978 2676 1059 2734 locos
1081 2693 1100 2732 a
1121 2674 1207 2732 nobis
1229 2674 1316 2731 iuxta
1337 2678 1468 2731 veterem
1484 2672 1618 2749 Vignolii
1641 2671 1804 2730 editionem
1826 2671 1933 2729 citatos
1955 2671 2096 2730 facillime

126 2791 212 2850 posse
236 2772 367 2850 reperiri.
410 2773 467 2832 Sed
490 2779 521 2832 et
543 2775 702 2854 Catalogos
724 2779 896 2856 pontificum
919 2779 1119 2837 Romanorum
1143 2782 1173 2834 et
1194 2776 1402 2854 Depositiones
1429 2781 1609 2853 martyrum,
1640 2794 1715 2853 quas
1746 2775 1843 2832 socius
1873 2781 1975 2833 noster
1996 2775 2097 2833 Fordi-

125 2875 242 2933 nandus
264 2875 507 2934 Kaltenbrunner
530 2878 560 2935 in
584 2899 639 2937 sua
660 2882 758 2958 operis
780 2887 865 2960 parte
887 2883 1061 2960 plerumque
1076 2880 1228 2956 allegavit,
1251 2879 1436 2938 Duchesnins
1459 2884 1523 2938 arte
1545 2879 1650 2937 critica
1669 2883 1812 2956 purgatas
1834 2878 1871 2935 de
1894 2897 1971 2937 novo
1994 2878 2096 2937 edidit.

123 2978 203 3037 Nota
224 2979 317 3056 igitur
339 2979 427 3038 haec:

210 3081 407 3158 Catalogus
429 3083 660 3159 Liberianus,
692 3087 800 3144 citatus
831 3087 917 3145 iuxta
938 3087 1114 3146 Mommseni
1137 3087 1297 3145 editionem
1320 3088 1351 3144 in
1382 3083 1615 3162 „Chronograph
1638 3102 1695 3141 von
1720 3085 1806 3156 354“,
1838 3102 1917 3141 nunc
1945 3083 2096 3143 invenitur

338 3205 384 3264 ap.
407 3186 595 3246 Dnchesne
617 3188 665 3246 Le
688 3189 795 3246 Liber
816 3189 1050 3267 pontificalis
1072 3189 1095 3247 1.
1118 3193 1195 3267 2sq.

211 3286 399 3364 Depositis
421 3289 694 3367 Episcoporum,
725 3293 818 3350 citata
839 3293 927 3350 iuxta
948 3292 1073 3351 eandem
1096 3292 1271 3351 Mommseni
1293 3291 1581 3364 commentationem,
1610 3307 1690 3346 nunc
1716 3307 1762 3366 ap.
1785 3287 1976 3346 Dnchesne
1999 3289 2023 3346 1.
2047 3291 2095 3347 10.

212 3389 399 3468 Depositio
422 3391 632 3469 Martyrum,
656 3395 748 3453 citata
769 3395 856 3453 iuxta
877 3397 1004 3454 eandem
1026 3395 1202 3454 Mommseni
1224 3383 1514 3466 commentationem,
1538 3411 1616 3450 nnnc
1639 3410 1685 3470 ap.
1708 3390 1899 3449 Dnchesne
1922 3391 1944 3449 I.
1969 3395 2016 3449 11.

210 3492 408 3570 Catalogus
431 3494 678 3570 corbeiensis,
701 3498 809 3556 citatus
832 3499 917 3556 iuxta
938 3499 1080 3557 Mabillon
1103 3498 1216 3557 Vetera
1237 3485 1391 3570 Analecta,
1414 3515 1493 3554 nunc
1516 3515 1561 3573 ap.
1584 3495 1774 3553 Dnchesne
1797 3496 1819 3552 I.
1844 3497 1892 3553 16.

209 3595 406 3673 catalogus
427 3597 650 3673 Felicianus,
674 3599 782 3660 citatus
803 3600 890 3660 iuxta
912 3601 1093 3660 Schelstrate
1115 3601 1319 3678 Antiquitates
1341 3600 1428 3673 Eccl,
1450 3617 1530 3656 nunc
1552 3617 1598 3676 ap.
1621 3597 1811 3655 Dnchesne
1834 3598 1856 3655 L
1880 3599 1930 3655 48.

208 3698 401 3776 Oatalogus
423 3701 731 3778 Symmachianus,
754 3703 862 3762 citatus
885 3705 971 3762 iuxta
990 3705 1183 3762 Anastasium
1205 3703 1347 3763 Biblioth.
1370 3702 1416 3761 ed.
1438 3699 1594 3759 Bianchini
1617 3707 1648 3758 et
1669 3700 1813 3760 Muratori
1836 3701 1870 3758 R.
1886 3701 1921 3758 It.
1937 3700 1993 3773 SS,
2016 3717 2094 3756 nunc

336 3809 382 3862 est
404 3823 449 3882 ap.
472 3804 713 3864 Dnchesnel.
736 3809 777 3865 44
800 3807 856 3866 sub
879 3807 998 3866 nomine
1024 3807 1216 3884 ,Fragmenti
1238 3804 1459 3864 Laurentiani“.

295 3907 398 3991 Neque
421 3907 563 3985 plurimas
585 3909 633 3966 vel
656 3909 840 3985 integrarum
863 3911 1033 3969 chartarum
1057 3911 1103 3968 vel
1127 3911 1256 3988 partium
1284 3909 1352 3967 inde
1375 3912 1560 3985 sumpturum
1583 3906 1807 3979 delineationcs,
1831 3924 1905 3982 quas
1927 3903 2095 3982 Specimina

123 4010 275 4086 praebent,
298 4010 420 4069 laudare
443 4030 516 4088 opus
539 4011 704 4070 videbatur.
749 4011 860 4080 Quodsi
889 4012 919 4070 in
948 4019 1050 4071 nostr'a
1073 4013 1269 4091 Regestorum
1296 4011 1426 4071 editione
1448 4009 1659 4083 indicavimus,
1688 4010 1738 4086 qui
1760 4009 1830 4067 libri
1852 4007 2009 4066 faosimilia
2032 4006 2095 4063 bul-

121 4111 217 4169 larum
246 4114 446 4188 continerent,
477 4113 507 4171 id
539 4114 605 4173 ideo
634 4115 769 4189 fecimus,
802 4121 835 4174 ut
862 4116 1007 4192 imagines
1036 4135 1139 4175 aarum
1169 4117 1270 4175 multis
1301 4115 1374 4174 locis
1395 4114 1546 4190 dispersae
1574 4132 1666 4190 parvo
1690 4113 1792 4170 labore
1815 4111 1937 4190 reperiri
1966 4115 2094 4188 possent.

121 4213 208 4272 Nunc
231 4234 302 4274 vero
329 4216 455 4293 quisque
478 4218 520 4274 rei
543 4218 753 4295 diplomaticae
768 4219 894 4293 deditus,
917 4220 975 4278 sibi
996 4219 1028 4276 in
1046 4219 1332 4295 Ptiugk-Hsrttungi
1354 4217 1528 4276 collectione
1550 4215 1768 4293 permaximam
1790 4215 1955 4291 imaginum
1978 4213 2094 4289 copiam

123 4315 221 4374 offerri
245 4336 304 4375 ιιοιι
327 4319 454 4394 ignorat.

293 4420 385 4479 Porro
408 4421 464 4479 hoc
495 4423 555 4480 iam
585 4423 651 4481 loco
682 4442 847 4483 memorare
869 4425 970 4499 liceat,
1002 4444 1049 4483 me
1080 4445 1154 4502 opus
1181 4425 1253 4483 socii
1275 4425 1369 4483 nostri
1392 4423 1479 4482 Pauli
1501 4421 1616 4494 Ewsld,
1648 4426 1839 4499 praematura
1865 4425 1959 4478 morte
1986 4419 2094 4478 litteris

122 4521 283 4598 amicisque
306 4524 407 4599 erepti,
431 4525 642 4600 perficiendum
665 4527 837 4605 suscepisse.
881 4528 979 4603 Igitur
1001 4547 1068 4586 cnm
1090 4527 1146 4586 hac
1167 4529 1198 4585 in
1221 4533 1306 4606 parte
1328 4528 1426 4606 operis
1454 4545 1512 4584 non
1536 4543 1631 4601 aeque
1653 4525 1709 4582 sim
1733 4529 1867 4583 versatur
1890 4543 1924 4582 ac
1945 4523 2093 4600 lugendus

122 4624 332 4701 praedecessor
353 4644 444 4700 meus,
467 4626 492 4684 si
515 4646 575 4703 qus
596 4634 649 4687 aut
671 4630 882 4706 praetermissa
903 4635 956 4688 aut
979 4631 1056 4688 male
1078 4636 1211 4689 correcta
1233 4631 1280 4689 vel
1303 4630 1404 4689 addita
1426 4649 1506 4688 ame
1521 4647 1586 4687 esse
1602 4625 1855 4699 animadverteris,
1881 4627 1996 4685 veniam
2011 4625 2093 4698 mihi,

122 4726 266 4785 benevole
288 4727 389 4802 lector,
412 4729 473 4786 noli
496 4730 655 4806 denegare.

294 4830 404 4888 Omnes
427 4850 497 4889 vero
515 4833 653 4909 Registro
676 4839 777 4892 nostro
800 4841 918 4894 utentes
941 4836 1048 4894 iterum
1071 4837 1238 4912 iterumque
1260 4853 1408 4912 rogamus,
1431 4839 1464 4892 nt
1486 4834 1573 4892 sicuti
1596 4833 1741 4892 hactenns
1763 4833 1807 4891 ita
1829 4821 1918 4890 etiam
1942 4831 1973 4888 in
1996 4837 2091 4908 poste-

123 4951 188 4990 rum
211 4933 241 4989 in
265 4951 353 5010 opere
376 4933 562 4992 emendando
586 4941 616 4993 et
637 4935 775 5012 augendo
798 4938 927 5015 benigne
949 4957 1002 4996 nos
1025 4938 1176 4996 adiuvent.
2039 4943 2040 4946 ’

1800 5045 1844 5133 S.
1873 5049 1920 5131 L.
