4860 6376
375 321 446 440 cuc

997 364 1309 439 OOELESTINUS
1335 363 1403 438 III.
1461 367 1724 438 1191-1198.
1753 419 1755 424 .

799 600 900 669 1197.
923 606 1004 682 (Iud.
1028 608 1076 677 15,
1092 613 1173 684 pont.
1195 628 1221 664 a.
1243 608 1272 666 0.
1287 639 1319 650 -
1339 619 1378 664 u.
1391 608 1542 681 Apa—7,
1566 606 1999 682 119o.-es.Mart.-1197.)

387 718 459 795 Apr.
506 717 534 773 7.
601 710 741 770 Laterani
824 712 927 769 17514
950 709 1061 768 Abbati
1077 709 1104 768 S.
1119 709 1249 768 Bavonis
1265 709 1456 769 (landavensi
1479 709 1621 783 concedit,
1644 715 1695 783 „ut
1717 709 1742 768 si
1765 709 1901 769 monachi
1925 710 2055 768 debitam
2078 710 2105 769 ei
2128 710 2350 788 denegaverint

865 795 1063 855 reverentiam
1085 800 1116 854 ct
1137 796 1280 854 honorem
1303 815 1338 855 ac
1360 795 1561 855 obedientiam
1583 797 1734 870 exhibere,
1757 815 1808 855 eos
1823 796 1861 855 ad
1884 797 1940 854 hoc
1963 815 2016 874 per
2037 815 2193 854 censuram
2207 797 2351 856 ecclesia-

865 882 970 940 sticam
1001 883 1161 940 coerceat“.
1209 883 1325 958 („Pont.
1348 901 1374 940 a.
1397 881 1494 957 vflr‘)
1538 882 1674 942 Loheren
1697 882 1774 941 Hist.
1796 882 1834 942 65
1856 882 1896 941 01.
1918 883 2022 940 Eavon
2044 901 2072 961 p.
2097 884 2167 941 206.
2189 919 2231 928 —-
2253 881 2351 958 „Cum

865 967 1079 1026 monasterium
1101 967 1182 1026 tibi“.

826 1055 928 1114 17515
945 1053 1078 1127 (10640)
1101 1053 1254 1112 Monachis
1276 1052 1303 1112 S.
1325 1054 1418 1112 Blasii
1440 1055 1471 1112 in
1493 1055 1581 1130 nigra
1602 1055 1679 1113 silva
1700 1054 1854 1132 permittit,
1877 1058 1910 1112 ut
1932 1054 2111 1132 quibusdam
2133 1053 2238 1112 dicbus
2262 1054 2351 1112 festis

867 1144 999 1198 cantent:
1029 1138 1149 1213 „Gloria
1171 1139 1201 1196 in
1224 1140 1351 1199 excelsis
1371 1140 1436 1198 Deo
1458 1145 1489 1200 et
1509 1141 1726 1218 Sequentiam“.
1770 1140 1886 1214 („Pont.
1909 1159 1935 1198 a.
1957 1141 2055 1216 VII.“)
2100 1139 2226 1198 Gerbert
2249 1139 2287 1201 H.
2313 1140 2352 1197 N.

866 1226 894 1284 S.
916 1226 970 1284 111.
995 1227 1064 1299 113,
1088 1225 1188 1301 Migne
1212 1227 1272 1286 206
1296 1245 1323 1304 p.
1348 1228 1439 1286 1207.
1461 1260 1503 1270 -
1526 1227 1627 1302 „Licet
1648 1226 1774 1302 singulis
1797 1226 1927 1286 dicbus“.

826 1315 930 1371 17516
953 1311 1168 1370 115555151ὶο.
1183 1311 1447 1372 PetriGandenris
1469 1313 1578 1372 altaria
1599 1313 1753 1389 quaedam,
1777 1313 1808 1370 in
1830 1312 1940 1372 diocesi
1955 1311 2161 1371 cameracensi
2176 1313 2353 1384 constituta,

868 1396 1030 1456 confirmat.
1073 1397 1189 1472 („Pont.
1211 1417 1238 1457 a.
1260 1397 1358 1475 Vnr‘)
1401 1399 1539 1458 Lolreren
1561 1399 1590 1462 S.
1613 1399 1715 1458 Pierrs
1737 1402 1756 1458 5
1778 1398 1864 1457 0556
1887 1419 1915 1478 p.
1939 1401 2009 1458 207.
2031 1418 2060 1458 n.
2084 1401 2154 1458 381.
2177 1431 2218 1441 -
2240 1397 2354 1472 „Iustis

868 1484 1034 1562 petentium
1057 1483 1238 1542 desideriis“.

828 1572 930 1631 17517
954 1569 1128 1629 11555515ιί1
1150 1569 1178 1628 0.
1200 1569 1282 1629 Petri
1304 1570 1472 1630 (laudensis
1502 1571 1610 1630 altaria
1640 1570 1799 1648 quaedam,
1831 1589 1851 1628 a
1871 1570 1898 1628 b.
1921 1589 1959 1628 m.
1981 1570 2115 1628 Evrardo
2137 1569 2248 1628 donata
2275 1573 2308 1628 et
2336 1586 2355 1626 a

868 1655 1019 1733 Stephano
1041 1674 1120 1714 nunc
1142 1656 1323 1715 Tornaconsi
1345 1657 1483 1735 episcopo
1506 1658 1653 1731 roborata,
1676 1655 1839 1718 confirmat.
1882 1656 1998 1731 („Pont.
2021 1675 2047 1714 a.
2069 1656 2167 1732 V11.⁴¹)
2211 1654 2354 1714 Lokeren

869 1742 897 1800 0.
918 1742 1021 1801 Piarre
1043 1744 1062 1800 5
1084 1741 1171 1799 0556
1195 1762 1222 1820 p.
1246 1745 1316 1803 207.
1338 1762 1367 1801 5.
1391 1746 1462 1803 382.
1485 1776 1526 1786 -
1551 1744 1658 1817 ,,155115
1681 1743 1846 1820 petentium
1869 1742 2049 1800 desideriis“.

828 1829 932 1888 17518
956 1827 1106 1904 (Hugoni)
1129 1827 1241 1887 decano
1263 1833 1294 1886 et
1316 1829 1431 1888 cantori
1445 1829 1658 1888 catalaunensi
1680 1828 1810 1902 mandat,
1832 1828 1989 1887 hortentur
2011 1827 2150 1886 abbatem
2165 1826 2193 1886 0.
2208 1825 2291 1884 Petri
2315 1824 2355 1882 de

870 1914 1020 1973 Montibus
1043 1918 1073 1972 et
1094 1914 1301 1992 presbytorum
1324 1915 1467 1974 ecclesiae
1489 1915 1516 1974 S.
1538 1915 1654 1992 Alpini,
1685 1933 1723 1972 55
1751 1915 1962 1973 canonicorum
1984 1915 2012 1974 0.
2033 1913 2187 1972 Trinitatis
2211 1911 2355 1971 Catalau-

869 2000 970 2058 nensis
992 1999 1133 2074 „liberam
1155 2001 1357 2078 sepulturam“
1383 2002 1557 2080 impediant.
1599 2000 1883 2078 Hugh-Harbung
1904 2002 1981 2059 Acta
2003 2001 2026 2058 I.
2049 2003 2121 2061 380.
2150 2031 2192 2042 -
2224 1997 2356 2073 „Dilecti

869 2086 923 2144 filii
945 2085 1064 2144 nostri“.

829 2174 932 2231 17519
957 2173 1092 2248 (10641)
1122 2171 1276 2231 Monachis
1307 2172 1334 2232 0.
1361 2172 1454 2230 Blasii
1484 2173 1516 2230 in
1546 2171 1634 2248 nigra
1664 2172 1740 2230 silva
1770 2171 1910 2231 decumas
1941 2171 2132 2230 ecclesiarum
2163 2169 2359 2247 quarundam

870 2258 985 2316 asserit.
1028 2257 1164 2334 Neugart
1185 2257 1238 2336 hlp.
1261 2257 1361 2317 Const.
1384 2260 1407 2318 Ι.
1430 2277 1465 2316 ιι.
1488 2260 1559 2333 605,
1581 2257 1793 2334 Wirtemberg.
1814 2257 2008 2316 Urkundcnb.
2031 2257 2069 2315 Il.
2085 2258 2157 2315 444.
2179 2293 2220 2301 -
2245 2255 2359 2329 „Iustis

871 2343 1037 2421 petentium
1059 2343 1238 2402 desideriia“.

830 2430 934 2489 17520
956 2429 1130 2489 Monasterii
1151 2428 1178 2488 S.
1200 2429 1344 2507 Stephani
1359 2429 1547 2488 Gallanansis
1569 2429 1784 2506 protectionem
1806 2428 1929 2506 suscipit
1950 2427 2088 2504 bonaque
2111 2432 2140 2486 51
2162 2426 2228 2485 iura
2250 2425 2361 2484 confir·

871 2520 945 2590 mat,
975 2520 1097 2593 petente
1118 2515 1346 2575 Bartholomaeo
1377 2515 1496 2574 abbate.
1539 2514 1824 2592 Pflugk-Harttung
1850 2516 1912 2573 Iter
1934 2533 1962 2592 p.
1986 2515 2056 2572 335.
2088 2547 2129 2555 —
2160 2512 2231 2586 „Pic
2253 2517 2361 2590 postu-

872 2601 970 2660 latio“.

830 2689 932 2746 17521
950 2686 1084 2762 (10642)
1105 2685 1278 2745 Monasterii
1294 2686 1579 2764 wadegozingenris
1595 2685 1719 2745 tutelam
1733 2685 1865 2763 suscipit,
1881 2705 1916 2744 ac
1931 2683 2126 2762 disciplinam,
2149 2685 2222 2756 iura,
2239 2701 2362 2760 posses-

872 2773 970 2832 siones
993 2771 1161 2844 confirmat,
1192 2777 1313 2850 petente
1336 2772 1499 2832 Godet'rido
1526 2772 1645 2831 abbate.
1687 2773 1777 2849 Hugo
1801 2771 1835 2830 0.
1856 2772 1889 2830 P.
1911 2771 1947 2829 A.
1969 2771 2008 2828 11.
2029 2770 2077 2828 Pr.
2100 2789 2127 2847 p.
2151 2772 2226 2842 623,
2258 2769 2364 2846 Beycr

871 2859 910 2918 hl.
933 2858 968 2917 U.
991 2858 1030 2915 ΙΙ.
1054 2859 1125 2931 209,
1148 2858 1250 2934 Migne
1273 2860 1335 2917 206
1358 2878 1386 2937 p.
1411 2860 1502 2917 1208.
1526 2891 1566 2901 -
1589 2858 1789 2936 „Rchgiosam
1811 2858 1903 2916 vitam
1925 2856 2131 2934 eligentibus“.

832 2945 935 3004 17522
957 2943 1225 3021 Archiprosbytero
1255 2949 1286 3003 et
1317 2945 1467 3004 canonicis
1488 2943 1719 3004 Veronensibus.
1762 2943 2046 3021 Pflugk·Harttung
2077 2943 2138 3001 Iter
2159 2960 2186 3019 p.
2210 2943 2285 3001 335.
2320 2975 2364 2983 —

872 3029 965 3104 „Oum
987 3047 1006 3086 a
1027 3029 1139 3088 nobis“.

830 3117 935 3177 17523
958 3115 1125 3190 Benenato,
1147 3115 1405 3194 archipresbytero
1428 3115 1465 3175 de
1487 3115 1653 3176 05555565.
1696 3114 1971 3191 Ptlugk-Harttung
1993 3113 2054 3172 Iter
2076 3133 2103 3191 p.
2128 3114 2199 3171 335.
2223 3145 2266 3154 -
2293 3112 2366 3187 „Di-

873 3202 967 3260 lectus
990 3200 1094 3259 1111561Ι

829 3288 1009 3366 Philippum,
1032 3287 1203 3365 episcopum
1218 3286 1457 3361 Dunelmmsem,
1479 3293 1632 3346 consecrat
1647 3287 1821 3360 ,,65515155,
1844 3305 1903 3362 qua
1918 3291 2056 3344 cantatur
2071 3284 2296 3344 Misericordiae
2314 3285 2367 3342 do-

873 3373 955 3447 mini,
978 3391 1054 3450 quae
1077 3372 1181 3432 55655
1203 3391 1282 3432 anno
1304 3373 1431 3451 contigit
1452 3373 1525 3432 xli:
1537 3373 1623 3449 (151.)
1646 3373 1765 3431 Maias“.
1795 3373 1904 3449 Rogati
1927 3371 1964 3430 de
1978 3371 2123 3430 Heroden
2138 3371 2248 3428 Annal.
2275 3373 2366 3430 1197

873 3479 920 3537 ap.
942 3458 1040 3517 Sosila
1061 3459 1096 3518 R.
1117 3460 1154 3517 A.
1176 3457 1224 3518 00.
1247 3479 1274 3537 p.
1296 3455 1391 3533 4371,
1429 3459 1474 3518 56.
1496 3459 1605 3518 015555
1626 3458 1678 3518 1v.
1703 3461 1754 3532 18;
1793 3459 1885 3533 ,,ΧΠ.
1907 3457 1966 3516 kal.
1988 3457 2095 3531 Maii“,
2127 3456 2297 3515 (laufridus
2328 3457 2369 3515 de

873 3544 1070 3620 Ooldingham
1093 3563 1117 3603 c.
1141 3547 1179 3604 12
1203 3545 1234 3603 15
1257 3545 1333 3605 Η151.
1356 3546 1493 3604 Dunclna
1515 3544 1565 3603 00.
1587 3565 1614 3622 p.
1639 3547 1687 3604 18.
1759 3603 1760 3606 ,

833 3633 936 3690 17524
953 3631 1086 3705 (10643)
1109 3631 1263 3690 Universis
1285 3631 1422 3690 fidelibus
1452 3633 1483 3689 in
1514 3649 1607 3708 regno
1629 3631 1740 3689 Daciae
1763 3629 1945 3704 constitutis,
1968 3630 2019 3707 qui
2042 3629 2080 3688 ad
2103 3627 2261 3695 ecclesiam
2289 3629 2371 3687 Aru·

874 3717 1001 3776 5155555
1023 3735 1115 3776 saxeo
1138 3735 1223 3775 muro
1245 3718 1473 3777 construendam
1489 3717 1645 3796 pecuniam
1668 3717 1813 3789 dederint,
1836 3716 1890 3790 „de
1913 3715 2054 3773 iniunctis
2077 3733 2129 3792 pro
2152 3714 2214 3771 suis
2231 3715 2371 3772 excessi·

874 3802 929 3861 bus
951 3803 1143 3880 poenitentiis
1165 3805 1206 3863 40
1230 3803 1293 3862 6155
1315 3803 1476 3880 indulget‘.
1520 3802 1682 3862 Thorkelin
1703 3802 1831 3880 Diplom.
1853 3801 2047 3878 Arna-Magn.
2070 3801 2092 3859 1.
2117 3802 2169 3873 69,
2193 3800 2374 3876 Langebek

875 3888 922 3948 00.
944 3888 979 3946 R.
1001 3889 1076 3948 Dan.
1099 3889 1150 3949 Vl.
1173 3891 1249 3963 387,
1271 3889 1382 3966 vhligne
1405 3891 1467 3950 206
1490 3909 1518 3968 p.
1542 3892 1633 3949 1210.
1665 3922 1706 3932 -
1737 3887 1903 3963 „Quoniam
1926 3887 2005 3945 inter
2026 3886 2141 3945 varios“
2163 3883 2260 3958 „Cum
2286 3887 2375 3945 inter

874 3975 1000 4034 varios“.

835 4063 938 4122 17525
954 4060 1088 4136 (10644)
1111 4059 1269 4120 (lenonicia
1284 4060 1497 4119 Arusiensibus
1520 4060 1627 4118 asserit
1648 4059 1833 4137 praebendas
1848 4078 1910 4132 sex,
1933 4077 1952 4116 a
1967 4057 2055 4115 Petro
2071 4057 2210 4134 episcopo
2227 4056 2376 4117 collatas.

875 4146 1037 4206 Thorlrelin
1058 4145 1136 4223 Dipl.
1159 4145 1353 4222 Arna-Magn.
1376 4147 1399 4204 Ι.
1423 4148 1472 4220 69,
1494 4145 1657 4221 Langebok
1679 4146 1726 4205 00.
1749 4146 1783 4204 R.
1805 4147 1881 4204 Dan.
1904 4146 1981 4217 387,
2004 4143 2104 4220 Migne
2128 4143 2190 4200 206
2214 4162 2243 4219 p.
2274 4147 2377 4203 1211.

876 4267 916 4275 -
940 4231 1057 4306 „Officii
1079 4230 1173 4290 nostri
1196 4230 1355 4290 debitunt
1691 4287 1693 4293 ,

835 4320 939 4378 17526
961 4317 1073 4375 Abbati
1103 4317 1348 4376 Loci-restaurati
1379 4316 1486 4375 asserit
1516 4315 1656 4375 decumas
1686 4315 1723 4375 de
1754 4316 1920 4394 Bergniaoo
1952 4321 1982 4373 et
2012 4315 2050 4372 da
2071 4313 2273 4372 Burlontano.
2325 4317 2377 4374 Ex

876 4403 1002 4462 chartul.
1023 4402 1267 4462 Loci-restaurati
1290 4403 1309 4461 f.
1334 4402 1406 4482 615
1429 4402 1550 4461 Archiv.
1573 4402 1638 4481 dep.
1661 4403 1698 4461 65
1720 4401 1812 4462 l’Oiso
1834 4402 1866 4460 in
1888 4400 2044 4474 Beauvais,
2066 4399 2148 4457 misit
2170 4399 2304 4461 Delisle.
2330 4436 2377 4445 —

823 4561 825 4566 Α
876 4489 969 4564 „Cum
990 4509 1009 4548 5
1029 4489 1116 4547 55515
1138 4489 1276 4566 petitur“.

836 4577 939 4636 17527
956 4576 1090 4651 (10645)
1114 4575 1267 4634 Universis
1288 4573 1425 4634 fidelibus
1448 4593 1502 4653 per
1523 4574 1771 4651 Burdigalensem
1793 4573 1977 4652 provinciam
2000 4572 2168 4630 constitutis
2187 4570 2378 4648 Geraldum,

877 4661 1049 4721 monasterii
1071 4661 1301 4720 Silvaemaioris
1324 4661 1521 4735 fundatorem,
1544 4661 1575 4718 in
1597 4666 1715 4720 sanctos
1738 4661 1865 4718 relatum
1887 4659 2017 4716 nunciat.
2061 4657 2205 4715 hlahillon
2221 4657 2309 4717 Acta
2325 4661 2379 4719 00.

877 4748 939 4808 ord.
961 4747 1033 4807 Beu.
1056 4765 1132 4806 saec.
1154 4746 1205 4806 Vl.
1227 4747 1258 4806 P.
1280 4747 1319 4805 II.
1342 4749 1417 4822 874,
1448 4746 1531 4830 Cirpt
1561 4746 1597 4805 de
1624 4747 1654 4804 la
1676 4747 1755 4805 Villo
1778 4746 1855 4804 Hist.
1883 4745 1920 4803 65
1942 4743 1972 4802 15
1994 4743 2220 4803 Grande-seuve
2245 4743 2272 4802 1.
2300 4749 2379 4819 531,

877 4835 978 4911 hligne
1002 4836 1061 4893 147
1085 4853 1113 4910 p.
1138 4834 1228 4906 1019,
1251 4838 1281 4892 51
1305 4834 1365 4892 206
1389 4853 1416 4910 p.
1438 4835 1530 4893 1211.
1553 4865 1595 4875 -
1617 4832 1717 4906 „Sicut
1738 4832 1857 4910 phialae
1879 4832 2014 4889 aurcac“.

837 4922 940 4979 17528
964 4918 1137 4978 1155551551
1151 4918 1178 4978 S.
1194 4918 1307 4978 Mariae
1322 4918 1516 4977 Castricensis
1538 4919 1737 4996 patrocinium
1760 4919 1890 4995 suscipit,
1913 4918 2050 4993 bonaque
2066 4920 2096 4973 et
2111 4913 2279 4993 privilegia
2303 4935 2379 4975 con-

877 5006 982 5078 firmat,
1005 5009 1125 5083 petente
1146 5005 1236 5063 Petro
1259 5005 1376 5063 abbate.
1420 5004 1610 5080 Barthelcmy
1632 5005 1757 5063 Diooese
1779 5022 1844 5063 ano.
1866 5004 1902 5061 de
1925 5001 2235 5061 Chalcus-sur-Marno
2254 5001 2281 5061 1.
2300 5005 2377 5062 363.

879 5125 918 5136 -
941 5091 1031 5165 „Piae
1053 5091 1213 5169 postulatio
1236 5091 1423 5149 voluntatis“.

839 5179 941 5237 17529
957 5178 1091 5252 (10646)
1115 5176 1284 5252 (Gerardo),
1307 5177 1445 5255 episcopo
1459 5176 1649 5249 Bononiensi,
1666 5176 1819 5254 permittit,
1835 5180 1868 5233 ut
1884 5173 2118 5233 excommunicet
2133 5190 2194 5246 eos,
2216 5173 2274 5247 qui
2292 5175 2378 5233 bona

878 5263 1020 5322 ecclesiae
1043 5263 1262 5340 occupaverint.
1306 5263 1417 5322 Savioli
1439 5263 1516 5321 Ann.
1539 5263 1602 5321 Bol.
1624 5262 1662 5320 ll.
1685 5280 1719 5320 11.
1743 5264 1819 5336 200,
1847 5261 1949 5337 hligne
1973 5261 2034 5318 206
2057 5278 2085 5336 p.
2110 5261 2202 5316 1212.
2229 5291 2274 5302 —
2300 5261 2378 5334 „Pa

878 5349 1033 5409 titionibus
1056 5349 1141 5408 tuis“.

838 5438 941 5496 17530
965 5435 1125 5511 (Ainardo)
1148 5435 1372 5513 archiepiscopo
1386 5434 1549 5492 Viennensi
1572 5433 1686 5510 gratias
1708 5434 1780 5507 agit,
1804 5433 1883 5508 quod
1906 5430 2069 5490 Guillcrmo
2085 5430 2122 5487 de
2136 5429 2253 5503 Rccha,
2280 5434 2376 5510 scrip-

878 5522 936 5581 tori
966 5542 1021 5581 555
1052 5521 1168 5599 sibique
1199 5525 1320 5600 propter
1351 5521 1515 5595 „bonitatis
1544 5525 1574 5578 et
1606 5520 1720 5577 servitii
1749 5520 1908 5576 meritum“
1936 5517 2100 5590 carissimo,
2133 5518 2319 5577 canonicam
2344 5521 2376 5576 in
